%YAML 1.1
%TAG !u! tag:unity3d.com,2011:
--- !u!1 &1334169411807243771
GameObject:
  m_ObjectHideFlags: 0
  m_CorrespondingSourceObject: {fileID: 0}
  m_PrefabInstance: {fileID: 0}
  m_PrefabAsset: {fileID: 0}
  serializedVersion: 6
  m_Component:
  - component: {fileID: 4709295869954227530}
  - component: {fileID: 269076257947639639}
  - component: {fileID: 4865389096158879501}
  - component: {fileID: 4496669078157692751}
  m_Layer: 0
  m_Name: Cube
  m_TagString: Untagged
  m_Icon: {fileID: 0}
  m_NavMeshLayer: 0
  m_StaticEditorFlags: 0
  m_IsActive: 1
--- !u!4 &4709295869954227530
Transform:
  m_ObjectHideFlags: 0
  m_CorrespondingSourceObject: {fileID: 0}
  m_PrefabInstance: {fileID: 0}
  m_PrefabAsset: {fileID: 0}
  m_GameObject: {fileID: 1334169411807243771}
  serializedVersion: 2
  m_LocalRotation: {x: 0, y: 0, z: 0, w: 1}
  m_LocalPosition: {x: 0, y: 0, z: 0}
  m_LocalScale: {x: 100, y: 1, z: 10}
  m_ConstrainProportionsScale: 0
  m_Children: []
  m_Father: {fileID: 2343443742321495000}
  m_LocalEulerAnglesHint: {x: 0, y: 0, z: 0}
--- !u!33 &269076257947639639
MeshFilter:
  m_ObjectHideFlags: 0
  m_CorrespondingSourceObject: {fileID: 0}
  m_PrefabInstance: {fileID: 0}
  m_PrefabAsset: {fileID: 0}
  m_GameObject: {fileID: 1334169411807243771}
  m_Mesh: {fileID: 10202, guid: 0000000000000000e000000000000000, type: 0}
--- !u!23 &4865389096158879501
MeshRenderer:
  m_ObjectHideFlags: 0
  m_CorrespondingSourceObject: {fileID: 0}
  m_PrefabInstance: {fileID: 0}
  m_PrefabAsset: {fileID: 0}
  m_GameObject: {fileID: 1334169411807243771}
  m_Enabled: 1
  m_CastShadows: 1
  m_ReceiveShadows: 1
  m_DynamicOccludee: 1
  m_StaticShadowCaster: 0
  m_MotionVectors: 1
  m_LightProbeUsage: 1
  m_ReflectionProbeUsage: 1
  m_RayTracingMode: 2
  m_RayTraceProcedural: 0
  m_RenderingLayerMask: 1
  m_RendererPriority: 0
  m_Materials:
  - {fileID: 2100000, guid: 5b2cabe4dfefc004d91e6478c02ef5ec, type: 2}
  m_StaticBatchInfo:
    firstSubMesh: 0
    subMeshCount: 0
  m_StaticBatchRoot: {fileID: 0}
  m_ProbeAnchor: {fileID: 0}
  m_LightProbeVolumeOverride: {fileID: 0}
  m_ScaleInLightmap: 1
  m_ReceiveGI: 1
  m_PreserveUVs: 0
  m_IgnoreNormalsForChartDetection: 0
  m_ImportantGI: 0
  m_StitchLightmapSeams: 1
  m_SelectedEditorRenderState: 3
  m_MinimumChartSize: 4
  m_AutoUVMaxDistance: 0.5
  m_AutoUVMaxAngle: 89
  m_LightmapParameters: {fileID: 0}
  m_SortingLayerID: 0
  m_SortingLayer: 0
  m_SortingOrder: 0
  m_AdditionalVertexStreams: {fileID: 0}
--- !u!65 &4496669078157692751
BoxCollider:
  m_ObjectHideFlags: 0
  m_CorrespondingSourceObject: {fileID: 0}
  m_PrefabInstance: {fileID: 0}
  m_PrefabAsset: {fileID: 0}
  m_GameObject: {fileID: 1334169411807243771}
  m_Material: {fileID: 0}
  m_IncludeLayers:
    serializedVersion: 2
    m_Bits: 0
  m_ExcludeLayers:
    serializedVersion: 2
    m_Bits: 0
  m_LayerOverridePriority: 0
  m_IsTrigger: 0
  m_ProvidesContacts: 0
  m_Enabled: 1
  serializedVersion: 3
  m_Size: {x: 1, y: 1, z: 1}
  m_Center: {x: 0, y: 0, z: 0}
--- !u!1 &1666253483644287419
GameObject:
  m_ObjectHideFlags: 0
  m_CorrespondingSourceObject: {fileID: 0}
  m_PrefabInstance: {fileID: 0}
  m_PrefabAsset: {fileID: 0}
  serializedVersion: 6
  m_Component:
  - component: {fileID: 6682576476753605179}
  - component: {fileID: 65479906333215147}
  m_Layer: 0
  m_Name: Cube (1)
  m_TagString: Untagged
  m_Icon: {fileID: 0}
  m_NavMeshLayer: 0
  m_StaticEditorFlags: 0
  m_IsActive: 1
--- !u!4 &6682576476753605179
Transform:
  m_ObjectHideFlags: 0
  m_CorrespondingSourceObject: {fileID: 0}
  m_PrefabInstance: {fileID: 0}
  m_PrefabAsset: {fileID: 0}
  m_GameObject: {fileID: 1666253483644287419}
  serializedVersion: 2
  m_LocalRotation: {x: 0, y: 0, z: 0, w: 1}
  m_LocalPosition: {x: -25.82, y: 0, z: 0}
  m_LocalScale: {x: 1, y: 1, z: 1}
  m_ConstrainProportionsScale: 0
  m_Children: []
  m_Father: {fileID: 2343443742321495000}
  m_LocalEulerAnglesHint: {x: 0, y: 0, z: 0}
--- !u!65 &65479906333215147
BoxCollider:
  m_ObjectHideFlags: 0
  m_CorrespondingSourceObject: {fileID: 0}
  m_PrefabInstance: {fileID: 0}
  m_PrefabAsset: {fileID: 0}
  m_GameObject: {fileID: 1666253483644287419}
  m_Material: {fileID: 0}
  m_IncludeLayers:
    serializedVersion: 2
    m_Bits: 0
  m_ExcludeLayers:
    serializedVersion: 2
    m_Bits: 0
  m_LayerOverridePriority: 0
  m_IsTrigger: 1
  m_ProvidesContacts: 0
  m_Enabled: 1
  serializedVersion: 3
  m_Size: {x: 1, y: 5.0789323, z: 11.126103}
  m_Center: {x: 0, y: 2.0394657, z: -0.12048197}
--- !u!1 &4600170373271679162
GameObject:
  m_ObjectHideFlags: 0
  m_CorrespondingSourceObject: {fileID: 0}
  m_PrefabInstance: {fileID: 0}
  m_PrefabAsset: {fileID: 0}
  serializedVersion: 6
  m_Component:
  - component: {fileID: 2343443742321495000}
  - component: {fileID: 800031055378236476}
  m_Layer: 0
  m_Name: Ground 2
  m_TagString: Ground
  m_Icon: {fileID: 0}
  m_NavMeshLayer: 0
  m_StaticEditorFlags: 0
  m_IsActive: 1
--- !u!4 &2343443742321495000
Transform:
  m_ObjectHideFlags: 0
  m_CorrespondingSourceObject: {fileID: 0}
  m_PrefabInstance: {fileID: 0}
  m_PrefabAsset: {fileID: 0}
  m_GameObject: {fileID: 4600170373271679162}
  serializedVersion: 2
  m_LocalRotation: {x: 0, y: 0, z: 0, w: 1}
  m_LocalPosition: {x: 39.3, y: -0.5, z: 0}
  m_LocalScale: {x: 1, y: 1, z: 1}
  m_ConstrainProportionsScale: 0
  m_Children:
  - {fileID: 2300082954679818965}
  - {fileID: 1590184026041590945}
  - {fileID: 7783638514291968479}
  - {fileID: 779918607868168261}
  - {fileID: 6501333319903120312}
  - {fileID: 4122880089047075903}
  - {fileID: 4648313482639782704}
  - {fileID: 1557020026579238177}
  - {fileID: 3438962083003419664}
  - {fileID: 4362684357952285930}
  - {fileID: 7460084059564894310}
  - {fileID: 6279364529193125273}
  - {fileID: 8152815618577484929}
  - {fileID: 835897736783053021}
  - {fileID: 7139202131110383919}
  - {fileID: 3618121068273865324}
  - {fileID: 6332946391231537266}
  - {fileID: 5808331509532169708}
  - {fileID: 1849076064145788031}
  - {fileID: 1322293498998915281}
  - {fileID: 3571692309058418305}
  - {fileID: 5601958382998648231}
  - {fileID: 3166649338757962323}
  - {fileID: 6654352241939168867}
  - {fileID: 253639700630804774}
  - {fileID: 8920535895677910655}
  - {fileID: 1382594644337451741}
  - {fileID: 8964503784803399749}
  - {fileID: 4709295869954227530}
  - {fileID: 6682576476753605179}
  m_Father: {fileID: 0}
  m_LocalEulerAnglesHint: {x: 0, y: 0, z: 0}
--- !u!114 &800031055378236476
MonoBehaviour:
  m_ObjectHideFlags: 0
  m_CorrespondingSourceObject: {fileID: 0}
  m_PrefabInstance: {fileID: 0}
  m_PrefabAsset: {fileID: 0}
  m_GameObject: {fileID: 4600170373271679162}
  m_Enabled: 1
  m_EditorHideFlags: 0
  m_Script: {fileID: 11500000, guid: b3cb6089c9b4e5449b0f205c821598f5, type: 3}
  m_Name: 
  m_EditorClassIdentifier: 
  _speed: 10
--- !u!1001 &576618072157900877
PrefabInstance:
  m_ObjectHideFlags: 0
  serializedVersion: 2
  m_Modification:
    serializedVersion: 3
    m_TransformParent: {fileID: 2343443742321495000}
    m_Modifications:
    - target: {fileID: 7990286168661085627, guid: f5723f489fbbfe548b13bb36dfb0a57e, type: 3}
      propertyPath: m_Name
      value: EnemySceleton1 (15)
      objectReference: {fileID: 0}
    - target: {fileID: 8344206072802340402, guid: f5723f489fbbfe548b13bb36dfb0a57e, type: 3}
      propertyPath: m_LocalPosition.x
      value: 41.61
      objectReference: {fileID: 0}
    - target: {fileID: 8344206072802340402, guid: f5723f489fbbfe548b13bb36dfb0a57e, type: 3}
      propertyPath: m_LocalPosition.y
      value: 1
      objectReference: {fileID: 0}
    - target: {fileID: 8344206072802340402, guid: f5723f489fbbfe548b13bb36dfb0a57e, type: 3}
      propertyPath: m_LocalPosition.z
      value: 4
      objectReference: {fileID: 0}
    - target: {fileID: 8344206072802340402, guid: f5723f489fbbfe548b13bb36dfb0a57e, type: 3}
      propertyPath: m_LocalRotation.w
      value: 0.6921296
      objectReference: {fileID: 0}
    - target: {fileID: 8344206072802340402, guid: f5723f489fbbfe548b13bb36dfb0a57e, type: 3}
      propertyPath: m_LocalRotation.x
      value: -0
      objectReference: {fileID: 0}
    - target: {fileID: 8344206072802340402, guid: f5723f489fbbfe548b13bb36dfb0a57e, type: 3}
      propertyPath: m_LocalRotation.y
      value: -0.7217733
      objectReference: {fileID: 0}
    - target: {fileID: 8344206072802340402, guid: f5723f489fbbfe548b13bb36dfb0a57e, type: 3}
      propertyPath: m_LocalRotation.z
      value: -0
      objectReference: {fileID: 0}
    - target: {fileID: 8344206072802340402, guid: f5723f489fbbfe548b13bb36dfb0a57e, type: 3}
      propertyPath: m_LocalEulerAnglesHint.x
      value: 0
      objectReference: {fileID: 0}
    - target: {fileID: 8344206072802340402, guid: f5723f489fbbfe548b13bb36dfb0a57e, type: 3}
      propertyPath: m_LocalEulerAnglesHint.y
      value: -92.402
      objectReference: {fileID: 0}
    - target: {fileID: 8344206072802340402, guid: f5723f489fbbfe548b13bb36dfb0a57e, type: 3}
      propertyPath: m_LocalEulerAnglesHint.z
      value: 0
      objectReference: {fileID: 0}
    m_RemovedComponents: []
    m_RemovedGameObjects: []
    m_AddedGameObjects: []
    m_AddedComponents: []
  m_SourcePrefab: {fileID: 100100000, guid: f5723f489fbbfe548b13bb36dfb0a57e, type: 3}
--- !u!4 &8920535895677910655 stripped
Transform:
  m_CorrespondingSourceObject: {fileID: 8344206072802340402, guid: f5723f489fbbfe548b13bb36dfb0a57e, type: 3}
  m_PrefabInstance: {fileID: 576618072157900877}
  m_PrefabAsset: {fileID: 0}
--- !u!1001 &622148232040508478
PrefabInstance:
  m_ObjectHideFlags: 0
  serializedVersion: 2
  m_Modification:
    serializedVersion: 3
    m_TransformParent: {fileID: 2343443742321495000}
    m_Modifications:
    - target: {fileID: 676733950786243087, guid: 5c629fe2dd9d5e643b3788d6e534e0d6, type: 3}
      propertyPath: m_Name
      value: Coin (7)
      objectReference: {fileID: 0}
    - target: {fileID: 3758551626081583316, guid: 5c629fe2dd9d5e643b3788d6e534e0d6, type: 3}
      propertyPath: m_LocalPosition.x
      value: -41.93
      objectReference: {fileID: 0}
    - target: {fileID: 3758551626081583316, guid: 5c629fe2dd9d5e643b3788d6e534e0d6, type: 3}
      propertyPath: m_LocalPosition.y
      value: 1
      objectReference: {fileID: 0}
    - target: {fileID: 3758551626081583316, guid: 5c629fe2dd9d5e643b3788d6e534e0d6, type: 3}
      propertyPath: m_LocalPosition.z
      value: 0
      objectReference: {fileID: 0}
    - target: {fileID: 3758551626081583316, guid: 5c629fe2dd9d5e643b3788d6e534e0d6, type: 3}
      propertyPath: m_LocalRotation.w
      value: 1
      objectReference: {fileID: 0}
    - target: {fileID: 3758551626081583316, guid: 5c629fe2dd9d5e643b3788d6e534e0d6, type: 3}
      propertyPath: m_LocalRotation.x
      value: -0
      objectReference: {fileID: 0}
    - target: {fileID: 3758551626081583316, guid: 5c629fe2dd9d5e643b3788d6e534e0d6, type: 3}
      propertyPath: m_LocalRotation.y
      value: -0
      objectReference: {fileID: 0}
    - target: {fileID: 3758551626081583316, guid: 5c629fe2dd9d5e643b3788d6e534e0d6, type: 3}
      propertyPath: m_LocalRotation.z
      value: -0
      objectReference: {fileID: 0}
    - target: {fileID: 3758551626081583316, guid: 5c629fe2dd9d5e643b3788d6e534e0d6, type: 3}
      propertyPath: m_LocalEulerAnglesHint.x
      value: 0
      objectReference: {fileID: 0}
    - target: {fileID: 3758551626081583316, guid: 5c629fe2dd9d5e643b3788d6e534e0d6, type: 3}
      propertyPath: m_LocalEulerAnglesHint.y
      value: 0
      objectReference: {fileID: 0}
    - target: {fileID: 3758551626081583316, guid: 5c629fe2dd9d5e643b3788d6e534e0d6, type: 3}
      propertyPath: m_LocalEulerAnglesHint.z
      value: 0
      objectReference: {fileID: 0}
    m_RemovedComponents: []
    m_RemovedGameObjects: []
    m_AddedGameObjects: []
    m_AddedComponents: []
  m_SourcePrefab: {fileID: 100100000, guid: 5c629fe2dd9d5e643b3788d6e534e0d6, type: 3}
--- !u!4 &4362684357952285930 stripped
Transform:
  m_CorrespondingSourceObject: {fileID: 3758551626081583316, guid: 5c629fe2dd9d5e643b3788d6e534e0d6, type: 3}
  m_PrefabInstance: {fileID: 622148232040508478}
  m_PrefabAsset: {fileID: 0}
--- !u!1001 &945306576256879851
PrefabInstance:
  m_ObjectHideFlags: 0
  serializedVersion: 2
  m_Modification:
    serializedVersion: 3
    m_TransformParent: {fileID: 2343443742321495000}
    m_Modifications:
    - target: {fileID: 676733950786243087, guid: 5c629fe2dd9d5e643b3788d6e534e0d6, type: 3}
      propertyPath: m_Name
      value: Coin (16)
      objectReference: {fileID: 0}
    - target: {fileID: 3758551626081583316, guid: 5c629fe2dd9d5e643b3788d6e534e0d6, type: 3}
      propertyPath: m_LocalPosition.x
      value: 19.42
      objectReference: {fileID: 0}
    - target: {fileID: 3758551626081583316, guid: 5c629fe2dd9d5e643b3788d6e534e0d6, type: 3}
      propertyPath: m_LocalPosition.y
      value: 1
      objectReference: {fileID: 0}
    - target: {fileID: 3758551626081583316, guid: 5c629fe2dd9d5e643b3788d6e534e0d6, type: 3}
      propertyPath: m_LocalPosition.z
      value: 1.13
      objectReference: {fileID: 0}
    - target: {fileID: 3758551626081583316, guid: 5c629fe2dd9d5e643b3788d6e534e0d6, type: 3}
      propertyPath: m_LocalRotation.w
      value: 1
      objectReference: {fileID: 0}
    - target: {fileID: 3758551626081583316, guid: 5c629fe2dd9d5e643b3788d6e534e0d6, type: 3}
      propertyPath: m_LocalRotation.x
      value: -0
      objectReference: {fileID: 0}
    - target: {fileID: 3758551626081583316, guid: 5c629fe2dd9d5e643b3788d6e534e0d6, type: 3}
      propertyPath: m_LocalRotation.y
      value: -0
      objectReference: {fileID: 0}
    - target: {fileID: 3758551626081583316, guid: 5c629fe2dd9d5e643b3788d6e534e0d6, type: 3}
      propertyPath: m_LocalRotation.z
      value: -0
      objectReference: {fileID: 0}
    - target: {fileID: 3758551626081583316, guid: 5c629fe2dd9d5e643b3788d6e534e0d6, type: 3}
      propertyPath: m_LocalEulerAnglesHint.x
      value: 0
      objectReference: {fileID: 0}
    - target: {fileID: 3758551626081583316, guid: 5c629fe2dd9d5e643b3788d6e534e0d6, type: 3}
      propertyPath: m_LocalEulerAnglesHint.y
      value: 0
      objectReference: {fileID: 0}
    - target: {fileID: 3758551626081583316, guid: 5c629fe2dd9d5e643b3788d6e534e0d6, type: 3}
      propertyPath: m_LocalEulerAnglesHint.z
      value: 0
      objectReference: {fileID: 0}
    m_RemovedComponents: []
    m_RemovedGameObjects: []
    m_AddedGameObjects: []
    m_AddedComponents: []
  m_SourcePrefab: {fileID: 100100000, guid: 5c629fe2dd9d5e643b3788d6e534e0d6, type: 3}
--- !u!4 &4122880089047075903 stripped
Transform:
  m_CorrespondingSourceObject: {fileID: 3758551626081583316, guid: 5c629fe2dd9d5e643b3788d6e534e0d6, type: 3}
  m_PrefabInstance: {fileID: 945306576256879851}
  m_PrefabAsset: {fileID: 0}
--- !u!1001 &1127240782593627767
PrefabInstance:
  m_ObjectHideFlags: 0
  serializedVersion: 2
  m_Modification:
    serializedVersion: 3
    m_TransformParent: {fileID: 2343443742321495000}
    m_Modifications:
    - target: {fileID: 7990286168661085627, guid: f5723f489fbbfe548b13bb36dfb0a57e, type: 3}
      propertyPath: m_Name
      value: EnemySceleton1 (14)
      objectReference: {fileID: 0}
    - target: {fileID: 8344206072802340402, guid: f5723f489fbbfe548b13bb36dfb0a57e, type: 3}
      propertyPath: m_LocalPosition.x
      value: 12.220001
      objectReference: {fileID: 0}
    - target: {fileID: 8344206072802340402, guid: f5723f489fbbfe548b13bb36dfb0a57e, type: 3}
      propertyPath: m_LocalPosition.y
      value: 1
      objectReference: {fileID: 0}
    - target: {fileID: 8344206072802340402, guid: f5723f489fbbfe548b13bb36dfb0a57e, type: 3}
      propertyPath: m_LocalPosition.z
      value: 0
      objectReference: {fileID: 0}
    - target: {fileID: 8344206072802340402, guid: f5723f489fbbfe548b13bb36dfb0a57e, type: 3}
      propertyPath: m_LocalRotation.w
      value: 0.6921296
      objectReference: {fileID: 0}
    - target: {fileID: 8344206072802340402, guid: f5723f489fbbfe548b13bb36dfb0a57e, type: 3}
      propertyPath: m_LocalRotation.x
      value: -0
      objectReference: {fileID: 0}
    - target: {fileID: 8344206072802340402, guid: f5723f489fbbfe548b13bb36dfb0a57e, type: 3}
      propertyPath: m_LocalRotation.y
      value: -0.7217733
      objectReference: {fileID: 0}
    - target: {fileID: 8344206072802340402, guid: f5723f489fbbfe548b13bb36dfb0a57e, type: 3}
      propertyPath: m_LocalRotation.z
      value: -0
      objectReference: {fileID: 0}
    - target: {fileID: 8344206072802340402, guid: f5723f489fbbfe548b13bb36dfb0a57e, type: 3}
      propertyPath: m_LocalEulerAnglesHint.x
      value: 0
      objectReference: {fileID: 0}
    - target: {fileID: 8344206072802340402, guid: f5723f489fbbfe548b13bb36dfb0a57e, type: 3}
      propertyPath: m_LocalEulerAnglesHint.y
      value: -92.402
      objectReference: {fileID: 0}
    - target: {fileID: 8344206072802340402, guid: f5723f489fbbfe548b13bb36dfb0a57e, type: 3}
      propertyPath: m_LocalEulerAnglesHint.z
      value: 0
      objectReference: {fileID: 0}
    m_RemovedComponents: []
    m_RemovedGameObjects: []
    m_AddedGameObjects: []
    m_AddedComponents: []
  m_SourcePrefab: {fileID: 100100000, guid: f5723f489fbbfe548b13bb36dfb0a57e, type: 3}
--- !u!4 &8964503784803399749 stripped
Transform:
  m_CorrespondingSourceObject: {fileID: 8344206072802340402, guid: f5723f489fbbfe548b13bb36dfb0a57e, type: 3}
  m_PrefabInstance: {fileID: 1127240782593627767}
  m_PrefabAsset: {fileID: 0}
--- !u!1001 &1215718693527469853
PrefabInstance:
  m_ObjectHideFlags: 0
  serializedVersion: 2
  m_Modification:
    serializedVersion: 3
    m_TransformParent: {fileID: 2343443742321495000}
    m_Modifications:
    - target: {fileID: 7990286168661085627, guid: f5723f489fbbfe548b13bb36dfb0a57e, type: 3}
      propertyPath: m_Name
      value: EnemySceleton1 (19)
      objectReference: {fileID: 0}
    - target: {fileID: 8344206072802340402, guid: f5723f489fbbfe548b13bb36dfb0a57e, type: 3}
      propertyPath: m_LocalPosition.x
      value: 32.23
      objectReference: {fileID: 0}
    - target: {fileID: 8344206072802340402, guid: f5723f489fbbfe548b13bb36dfb0a57e, type: 3}
      propertyPath: m_LocalPosition.y
      value: 1
      objectReference: {fileID: 0}
    - target: {fileID: 8344206072802340402, guid: f5723f489fbbfe548b13bb36dfb0a57e, type: 3}
      propertyPath: m_LocalPosition.z
      value: -4
      objectReference: {fileID: 0}
    - target: {fileID: 8344206072802340402, guid: f5723f489fbbfe548b13bb36dfb0a57e, type: 3}
      propertyPath: m_LocalRotation.w
      value: 0.6921296
      objectReference: {fileID: 0}
    - target: {fileID: 8344206072802340402, guid: f5723f489fbbfe548b13bb36dfb0a57e, type: 3}
      propertyPath: m_LocalRotation.x
      value: -0
      objectReference: {fileID: 0}
    - target: {fileID: 8344206072802340402, guid: f5723f489fbbfe548b13bb36dfb0a57e, type: 3}
      propertyPath: m_LocalRotation.y
      value: -0.7217733
      objectReference: {fileID: 0}
    - target: {fileID: 8344206072802340402, guid: f5723f489fbbfe548b13bb36dfb0a57e, type: 3}
      propertyPath: m_LocalRotation.z
      value: -0
      objectReference: {fileID: 0}
    - target: {fileID: 8344206072802340402, guid: f5723f489fbbfe548b13bb36dfb0a57e, type: 3}
      propertyPath: m_LocalEulerAnglesHint.x
      value: 0
      objectReference: {fileID: 0}
    - target: {fileID: 8344206072802340402, guid: f5723f489fbbfe548b13bb36dfb0a57e, type: 3}
      propertyPath: m_LocalEulerAnglesHint.y
      value: -92.402
      objectReference: {fileID: 0}
    - target: {fileID: 8344206072802340402, guid: f5723f489fbbfe548b13bb36dfb0a57e, type: 3}
      propertyPath: m_LocalEulerAnglesHint.z
      value: 0
      objectReference: {fileID: 0}
    m_RemovedComponents: []
    m_RemovedGameObjects: []
    m_AddedGameObjects: []
    m_AddedComponents: []
  m_SourcePrefab: {fileID: 100100000, guid: f5723f489fbbfe548b13bb36dfb0a57e, type: 3}
--- !u!4 &7139202131110383919 stripped
Transform:
  m_CorrespondingSourceObject: {fileID: 8344206072802340402, guid: f5723f489fbbfe548b13bb36dfb0a57e, type: 3}
  m_PrefabInstance: {fileID: 1215718693527469853}
  m_PrefabAsset: {fileID: 0}
--- !u!1001 &1986275456587631812
PrefabInstance:
  m_ObjectHideFlags: 0
  serializedVersion: 2
  m_Modification:
    serializedVersion: 3
    m_TransformParent: {fileID: 2343443742321495000}
    m_Modifications:
    - target: {fileID: 676733950786243087, guid: 5c629fe2dd9d5e643b3788d6e534e0d6, type: 3}
      propertyPath: m_Name
      value: Coin (19)
      objectReference: {fileID: 0}
    - target: {fileID: 3758551626081583316, guid: 5c629fe2dd9d5e643b3788d6e534e0d6, type: 3}
      propertyPath: m_LocalPosition.x
      value: 47.45
      objectReference: {fileID: 0}
    - target: {fileID: 3758551626081583316, guid: 5c629fe2dd9d5e643b3788d6e534e0d6, type: 3}
      propertyPath: m_LocalPosition.y
      value: 1
      objectReference: {fileID: 0}
    - target: {fileID: 3758551626081583316, guid: 5c629fe2dd9d5e643b3788d6e534e0d6, type: 3}
      propertyPath: m_LocalPosition.z
      value: -4
      objectReference: {fileID: 0}
    - target: {fileID: 3758551626081583316, guid: 5c629fe2dd9d5e643b3788d6e534e0d6, type: 3}
      propertyPath: m_LocalRotation.w
      value: 1
      objectReference: {fileID: 0}
    - target: {fileID: 3758551626081583316, guid: 5c629fe2dd9d5e643b3788d6e534e0d6, type: 3}
      propertyPath: m_LocalRotation.x
      value: -0
      objectReference: {fileID: 0}
    - target: {fileID: 3758551626081583316, guid: 5c629fe2dd9d5e643b3788d6e534e0d6, type: 3}
      propertyPath: m_LocalRotation.y
      value: -0
      objectReference: {fileID: 0}
    - target: {fileID: 3758551626081583316, guid: 5c629fe2dd9d5e643b3788d6e534e0d6, type: 3}
      propertyPath: m_LocalRotation.z
      value: -0
      objectReference: {fileID: 0}
    - target: {fileID: 3758551626081583316, guid: 5c629fe2dd9d5e643b3788d6e534e0d6, type: 3}
      propertyPath: m_LocalEulerAnglesHint.x
      value: 0
      objectReference: {fileID: 0}
    - target: {fileID: 3758551626081583316, guid: 5c629fe2dd9d5e643b3788d6e534e0d6, type: 3}
      propertyPath: m_LocalEulerAnglesHint.y
      value: 0
      objectReference: {fileID: 0}
    - target: {fileID: 3758551626081583316, guid: 5c629fe2dd9d5e643b3788d6e534e0d6, type: 3}
      propertyPath: m_LocalEulerAnglesHint.z
      value: 0
      objectReference: {fileID: 0}
    m_RemovedComponents: []
    m_RemovedGameObjects: []
    m_AddedGameObjects: []
    m_AddedComponents: []
  m_SourcePrefab: {fileID: 100100000, guid: 5c629fe2dd9d5e643b3788d6e534e0d6, type: 3}
--- !u!4 &3438962083003419664 stripped
Transform:
  m_CorrespondingSourceObject: {fileID: 3758551626081583316, guid: 5c629fe2dd9d5e643b3788d6e534e0d6, type: 3}
  m_PrefabInstance: {fileID: 1986275456587631812}
  m_PrefabAsset: {fileID: 0}
--- !u!1001 &2428191976116714997
PrefabInstance:
  m_ObjectHideFlags: 0
  serializedVersion: 2
  m_Modification:
    serializedVersion: 3
    m_TransformParent: {fileID: 2343443742321495000}
    m_Modifications:
    - target: {fileID: 676733950786243087, guid: 5c629fe2dd9d5e643b3788d6e534e0d6, type: 3}
      propertyPath: m_Name
      value: Coin (18)
      objectReference: {fileID: 0}
    - target: {fileID: 3758551626081583316, guid: 5c629fe2dd9d5e643b3788d6e534e0d6, type: 3}
      propertyPath: m_LocalPosition.x
      value: 37.12
      objectReference: {fileID: 0}
    - target: {fileID: 3758551626081583316, guid: 5c629fe2dd9d5e643b3788d6e534e0d6, type: 3}
      propertyPath: m_LocalPosition.y
      value: 1
      objectReference: {fileID: 0}
    - target: {fileID: 3758551626081583316, guid: 5c629fe2dd9d5e643b3788d6e534e0d6, type: 3}
      propertyPath: m_LocalPosition.z
      value: -3.2
      objectReference: {fileID: 0}
    - target: {fileID: 3758551626081583316, guid: 5c629fe2dd9d5e643b3788d6e534e0d6, type: 3}
      propertyPath: m_LocalRotation.w
      value: 1
      objectReference: {fileID: 0}
    - target: {fileID: 3758551626081583316, guid: 5c629fe2dd9d5e643b3788d6e534e0d6, type: 3}
      propertyPath: m_LocalRotation.x
      value: -0
      objectReference: {fileID: 0}
    - target: {fileID: 3758551626081583316, guid: 5c629fe2dd9d5e643b3788d6e534e0d6, type: 3}
      propertyPath: m_LocalRotation.y
      value: -0
      objectReference: {fileID: 0}
    - target: {fileID: 3758551626081583316, guid: 5c629fe2dd9d5e643b3788d6e534e0d6, type: 3}
      propertyPath: m_LocalRotation.z
      value: -0
      objectReference: {fileID: 0}
    - target: {fileID: 3758551626081583316, guid: 5c629fe2dd9d5e643b3788d6e534e0d6, type: 3}
      propertyPath: m_LocalEulerAnglesHint.x
      value: 0
      objectReference: {fileID: 0}
    - target: {fileID: 3758551626081583316, guid: 5c629fe2dd9d5e643b3788d6e534e0d6, type: 3}
      propertyPath: m_LocalEulerAnglesHint.y
      value: 0
      objectReference: {fileID: 0}
    - target: {fileID: 3758551626081583316, guid: 5c629fe2dd9d5e643b3788d6e534e0d6, type: 3}
      propertyPath: m_LocalEulerAnglesHint.z
      value: 0
      objectReference: {fileID: 0}
    m_RemovedComponents: []
    m_RemovedGameObjects: []
    m_AddedGameObjects: []
    m_AddedComponents: []
  m_SourcePrefab: {fileID: 100100000, guid: 5c629fe2dd9d5e643b3788d6e534e0d6, type: 3}
--- !u!4 &1557020026579238177 stripped
Transform:
  m_CorrespondingSourceObject: {fileID: 3758551626081583316, guid: 5c629fe2dd9d5e643b3788d6e534e0d6, type: 3}
  m_PrefabInstance: {fileID: 2428191976116714997}
  m_PrefabAsset: {fileID: 0}
--- !u!1001 &2465854077431112821
PrefabInstance:
  m_ObjectHideFlags: 0
  serializedVersion: 2
  m_Modification:
    serializedVersion: 3
    m_TransformParent: {fileID: 2343443742321495000}
    m_Modifications:
    - target: {fileID: 676733950786243087, guid: 5c629fe2dd9d5e643b3788d6e534e0d6, type: 3}
      propertyPath: m_Name
      value: Coin (12)
      objectReference: {fileID: 0}
    - target: {fileID: 3758551626081583316, guid: 5c629fe2dd9d5e643b3788d6e534e0d6, type: 3}
      propertyPath: m_LocalPosition.x
      value: -3.4
      objectReference: {fileID: 0}
    - target: {fileID: 3758551626081583316, guid: 5c629fe2dd9d5e643b3788d6e534e0d6, type: 3}
      propertyPath: m_LocalPosition.y
      value: 1
      objectReference: {fileID: 0}
    - target: {fileID: 3758551626081583316, guid: 5c629fe2dd9d5e643b3788d6e534e0d6, type: 3}
      propertyPath: m_LocalPosition.z
      value: 0
      objectReference: {fileID: 0}
    - target: {fileID: 3758551626081583316, guid: 5c629fe2dd9d5e643b3788d6e534e0d6, type: 3}
      propertyPath: m_LocalRotation.w
      value: 1
      objectReference: {fileID: 0}
    - target: {fileID: 3758551626081583316, guid: 5c629fe2dd9d5e643b3788d6e534e0d6, type: 3}
      propertyPath: m_LocalRotation.x
      value: -0
      objectReference: {fileID: 0}
    - target: {fileID: 3758551626081583316, guid: 5c629fe2dd9d5e643b3788d6e534e0d6, type: 3}
      propertyPath: m_LocalRotation.y
      value: -0
      objectReference: {fileID: 0}
    - target: {fileID: 3758551626081583316, guid: 5c629fe2dd9d5e643b3788d6e534e0d6, type: 3}
      propertyPath: m_LocalRotation.z
      value: -0
      objectReference: {fileID: 0}
    - target: {fileID: 3758551626081583316, guid: 5c629fe2dd9d5e643b3788d6e534e0d6, type: 3}
      propertyPath: m_LocalEulerAnglesHint.x
      value: 0
      objectReference: {fileID: 0}
    - target: {fileID: 3758551626081583316, guid: 5c629fe2dd9d5e643b3788d6e534e0d6, type: 3}
      propertyPath: m_LocalEulerAnglesHint.y
      value: 0
      objectReference: {fileID: 0}
    - target: {fileID: 3758551626081583316, guid: 5c629fe2dd9d5e643b3788d6e534e0d6, type: 3}
      propertyPath: m_LocalEulerAnglesHint.z
      value: 0
      objectReference: {fileID: 0}
    m_RemovedComponents: []
    m_RemovedGameObjects: []
    m_AddedGameObjects: []
    m_AddedComponents: []
  m_SourcePrefab: {fileID: 100100000, guid: 5c629fe2dd9d5e643b3788d6e534e0d6, type: 3}
--- !u!4 &1590184026041590945 stripped
Transform:
  m_CorrespondingSourceObject: {fileID: 3758551626081583316, guid: 5c629fe2dd9d5e643b3788d6e534e0d6, type: 3}
  m_PrefabInstance: {fileID: 2465854077431112821}
  m_PrefabAsset: {fileID: 0}
--- !u!1001 &2546721325248281566
PrefabInstance:
  m_ObjectHideFlags: 0
  serializedVersion: 2
  m_Modification:
    serializedVersion: 3
    m_TransformParent: {fileID: 2343443742321495000}
    m_Modifications:
    - target: {fileID: 7990286168661085627, guid: f5723f489fbbfe548b13bb36dfb0a57e, type: 3}
      propertyPath: m_Name
      value: EnemySceleton1 (8)
      objectReference: {fileID: 0}
    - target: {fileID: 8344206072802340402, guid: f5723f489fbbfe548b13bb36dfb0a57e, type: 3}
      propertyPath: m_LocalPosition.x
      value: 41.610004
      objectReference: {fileID: 0}
    - target: {fileID: 8344206072802340402, guid: f5723f489fbbfe548b13bb36dfb0a57e, type: 3}
      propertyPath: m_LocalPosition.y
      value: 1
      objectReference: {fileID: 0}
    - target: {fileID: 8344206072802340402, guid: f5723f489fbbfe548b13bb36dfb0a57e, type: 3}
      propertyPath: m_LocalPosition.z
      value: 2
      objectReference: {fileID: 0}
    - target: {fileID: 8344206072802340402, guid: f5723f489fbbfe548b13bb36dfb0a57e, type: 3}
      propertyPath: m_LocalRotation.w
      value: 0.6921296
      objectReference: {fileID: 0}
    - target: {fileID: 8344206072802340402, guid: f5723f489fbbfe548b13bb36dfb0a57e, type: 3}
      propertyPath: m_LocalRotation.x
      value: -0
      objectReference: {fileID: 0}
    - target: {fileID: 8344206072802340402, guid: f5723f489fbbfe548b13bb36dfb0a57e, type: 3}
      propertyPath: m_LocalRotation.y
      value: -0.7217733
      objectReference: {fileID: 0}
    - target: {fileID: 8344206072802340402, guid: f5723f489fbbfe548b13bb36dfb0a57e, type: 3}
      propertyPath: m_LocalRotation.z
      value: -0
      objectReference: {fileID: 0}
    - target: {fileID: 8344206072802340402, guid: f5723f489fbbfe548b13bb36dfb0a57e, type: 3}
      propertyPath: m_LocalEulerAnglesHint.x
      value: 0
      objectReference: {fileID: 0}
    - target: {fileID: 8344206072802340402, guid: f5723f489fbbfe548b13bb36dfb0a57e, type: 3}
      propertyPath: m_LocalEulerAnglesHint.y
      value: -92.402
      objectReference: {fileID: 0}
    - target: {fileID: 8344206072802340402, guid: f5723f489fbbfe548b13bb36dfb0a57e, type: 3}
      propertyPath: m_LocalEulerAnglesHint.z
      value: 0
      objectReference: {fileID: 0}
    m_RemovedComponents: []
    m_RemovedGameObjects: []
    m_AddedGameObjects: []
    m_AddedComponents: []
  m_SourcePrefab: {fileID: 100100000, guid: f5723f489fbbfe548b13bb36dfb0a57e, type: 3}
--- !u!4 &5808331509532169708 stripped
Transform:
  m_CorrespondingSourceObject: {fileID: 8344206072802340402, guid: f5723f489fbbfe548b13bb36dfb0a57e, type: 3}
  m_PrefabInstance: {fileID: 2546721325248281566}
  m_PrefabAsset: {fileID: 0}
--- !u!1001 &2607502849528614464
PrefabInstance:
  m_ObjectHideFlags: 0
  serializedVersion: 2
  m_Modification:
    serializedVersion: 3
    m_TransformParent: {fileID: 2343443742321495000}
    m_Modifications:
    - target: {fileID: 7990286168661085627, guid: f5723f489fbbfe548b13bb36dfb0a57e, type: 3}
      propertyPath: m_Name
      value: EnemySceleton1 (7)
      objectReference: {fileID: 0}
    - target: {fileID: 8344206072802340402, guid: f5723f489fbbfe548b13bb36dfb0a57e, type: 3}
      propertyPath: m_LocalPosition.x
      value: -11.220001
      objectReference: {fileID: 0}
    - target: {fileID: 8344206072802340402, guid: f5723f489fbbfe548b13bb36dfb0a57e, type: 3}
      propertyPath: m_LocalPosition.y
      value: 1
      objectReference: {fileID: 0}
    - target: {fileID: 8344206072802340402, guid: f5723f489fbbfe548b13bb36dfb0a57e, type: 3}
      propertyPath: m_LocalPosition.z
      value: 2
      objectReference: {fileID: 0}
    - target: {fileID: 8344206072802340402, guid: f5723f489fbbfe548b13bb36dfb0a57e, type: 3}
      propertyPath: m_LocalRotation.w
      value: 0.6921296
      objectReference: {fileID: 0}
    - target: {fileID: 8344206072802340402, guid: f5723f489fbbfe548b13bb36dfb0a57e, type: 3}
      propertyPath: m_LocalRotation.x
      value: -0
      objectReference: {fileID: 0}
    - target: {fileID: 8344206072802340402, guid: f5723f489fbbfe548b13bb36dfb0a57e, type: 3}
      propertyPath: m_LocalRotation.y
      value: -0.7217733
      objectReference: {fileID: 0}
    - target: {fileID: 8344206072802340402, guid: f5723f489fbbfe548b13bb36dfb0a57e, type: 3}
      propertyPath: m_LocalRotation.z
      value: -0
      objectReference: {fileID: 0}
    - target: {fileID: 8344206072802340402, guid: f5723f489fbbfe548b13bb36dfb0a57e, type: 3}
      propertyPath: m_LocalEulerAnglesHint.x
      value: 0
      objectReference: {fileID: 0}
    - target: {fileID: 8344206072802340402, guid: f5723f489fbbfe548b13bb36dfb0a57e, type: 3}
      propertyPath: m_LocalEulerAnglesHint.y
      value: -92.402
      objectReference: {fileID: 0}
    - target: {fileID: 8344206072802340402, guid: f5723f489fbbfe548b13bb36dfb0a57e, type: 3}
      propertyPath: m_LocalEulerAnglesHint.z
      value: 0
      objectReference: {fileID: 0}
    m_RemovedComponents: []
    m_RemovedGameObjects: []
    m_AddedGameObjects: []
    m_AddedComponents: []
  m_SourcePrefab: {fileID: 100100000, guid: f5723f489fbbfe548b13bb36dfb0a57e, type: 3}
--- !u!4 &6332946391231537266 stripped
Transform:
  m_CorrespondingSourceObject: {fileID: 8344206072802340402, guid: f5723f489fbbfe548b13bb36dfb0a57e, type: 3}
  m_PrefabInstance: {fileID: 2607502849528614464}
  m_PrefabAsset: {fileID: 0}
--- !u!1001 &3153231709530511873
PrefabInstance:
  m_ObjectHideFlags: 0
  serializedVersion: 2
  m_Modification:
    serializedVersion: 3
    m_TransformParent: {fileID: 2343443742321495000}
    m_Modifications:
    - target: {fileID: 676733950786243087, guid: 5c629fe2dd9d5e643b3788d6e534e0d6, type: 3}
      propertyPath: m_Name
      value: Coin (11)
      objectReference: {fileID: 0}
    - target: {fileID: 3758551626081583316, guid: 5c629fe2dd9d5e643b3788d6e534e0d6, type: 3}
      propertyPath: m_LocalPosition.x
      value: -10.98
      objectReference: {fileID: 0}
    - target: {fileID: 3758551626081583316, guid: 5c629fe2dd9d5e643b3788d6e534e0d6, type: 3}
      propertyPath: m_LocalPosition.y
      value: 1
      objectReference: {fileID: 0}
    - target: {fileID: 3758551626081583316, guid: 5c629fe2dd9d5e643b3788d6e534e0d6, type: 3}
      propertyPath: m_LocalPosition.z
      value: -2.09
      objectReference: {fileID: 0}
    - target: {fileID: 3758551626081583316, guid: 5c629fe2dd9d5e643b3788d6e534e0d6, type: 3}
      propertyPath: m_LocalRotation.w
      value: 1
      objectReference: {fileID: 0}
    - target: {fileID: 3758551626081583316, guid: 5c629fe2dd9d5e643b3788d6e534e0d6, type: 3}
      propertyPath: m_LocalRotation.x
      value: -0
      objectReference: {fileID: 0}
    - target: {fileID: 3758551626081583316, guid: 5c629fe2dd9d5e643b3788d6e534e0d6, type: 3}
      propertyPath: m_LocalRotation.y
      value: -0
      objectReference: {fileID: 0}
    - target: {fileID: 3758551626081583316, guid: 5c629fe2dd9d5e643b3788d6e534e0d6, type: 3}
      propertyPath: m_LocalRotation.z
      value: -0
      objectReference: {fileID: 0}
    - target: {fileID: 3758551626081583316, guid: 5c629fe2dd9d5e643b3788d6e534e0d6, type: 3}
      propertyPath: m_LocalEulerAnglesHint.x
      value: 0
      objectReference: {fileID: 0}
    - target: {fileID: 3758551626081583316, guid: 5c629fe2dd9d5e643b3788d6e534e0d6, type: 3}
      propertyPath: m_LocalEulerAnglesHint.y
      value: 0
      objectReference: {fileID: 0}
    - target: {fileID: 3758551626081583316, guid: 5c629fe2dd9d5e643b3788d6e534e0d6, type: 3}
      propertyPath: m_LocalEulerAnglesHint.z
      value: 0
      objectReference: {fileID: 0}
    m_RemovedComponents: []
    m_RemovedGameObjects: []
    m_AddedGameObjects: []
    m_AddedComponents: []
  m_SourcePrefab: {fileID: 100100000, guid: 5c629fe2dd9d5e643b3788d6e534e0d6, type: 3}
--- !u!4 &2300082954679818965 stripped
Transform:
  m_CorrespondingSourceObject: {fileID: 3758551626081583316, guid: 5c629fe2dd9d5e643b3788d6e534e0d6, type: 3}
  m_PrefabInstance: {fileID: 3153231709530511873}
  m_PrefabAsset: {fileID: 0}
--- !u!1001 &3428806314326872145
PrefabInstance:
  m_ObjectHideFlags: 0
  serializedVersion: 2
  m_Modification:
    serializedVersion: 3
    m_TransformParent: {fileID: 2343443742321495000}
    m_Modifications:
    - target: {fileID: 7990286168661085627, guid: f5723f489fbbfe548b13bb36dfb0a57e, type: 3}
      propertyPath: m_Name
      value: EnemySceleton1 (11)
      objectReference: {fileID: 0}
    - target: {fileID: 8344206072802340402, guid: f5723f489fbbfe548b13bb36dfb0a57e, type: 3}
      propertyPath: m_LocalPosition.x
      value: 12.25
      objectReference: {fileID: 0}
    - target: {fileID: 8344206072802340402, guid: f5723f489fbbfe548b13bb36dfb0a57e, type: 3}
      propertyPath: m_LocalPosition.y
      value: 1
      objectReference: {fileID: 0}
    - target: {fileID: 8344206072802340402, guid: f5723f489fbbfe548b13bb36dfb0a57e, type: 3}
      propertyPath: m_LocalPosition.z
      value: 4
      objectReference: {fileID: 0}
    - target: {fileID: 8344206072802340402, guid: f5723f489fbbfe548b13bb36dfb0a57e, type: 3}
      propertyPath: m_LocalRotation.w
      value: 0.6921296
      objectReference: {fileID: 0}
    - target: {fileID: 8344206072802340402, guid: f5723f489fbbfe548b13bb36dfb0a57e, type: 3}
      propertyPath: m_LocalRotation.x
      value: -0
      objectReference: {fileID: 0}
    - target: {fileID: 8344206072802340402, guid: f5723f489fbbfe548b13bb36dfb0a57e, type: 3}
      propertyPath: m_LocalRotation.y
      value: -0.7217733
      objectReference: {fileID: 0}
    - target: {fileID: 8344206072802340402, guid: f5723f489fbbfe548b13bb36dfb0a57e, type: 3}
      propertyPath: m_LocalRotation.z
      value: -0
      objectReference: {fileID: 0}
    - target: {fileID: 8344206072802340402, guid: f5723f489fbbfe548b13bb36dfb0a57e, type: 3}
      propertyPath: m_LocalEulerAnglesHint.x
      value: 0
      objectReference: {fileID: 0}
    - target: {fileID: 8344206072802340402, guid: f5723f489fbbfe548b13bb36dfb0a57e, type: 3}
      propertyPath: m_LocalEulerAnglesHint.y
      value: -92.402
      objectReference: {fileID: 0}
    - target: {fileID: 8344206072802340402, guid: f5723f489fbbfe548b13bb36dfb0a57e, type: 3}
      propertyPath: m_LocalEulerAnglesHint.z
      value: 0
      objectReference: {fileID: 0}
    m_RemovedComponents: []
    m_RemovedGameObjects: []
    m_AddedGameObjects: []
    m_AddedComponents: []
  m_SourcePrefab: {fileID: 100100000, guid: f5723f489fbbfe548b13bb36dfb0a57e, type: 3}
--- !u!4 &6654352241939168867 stripped
Transform:
  m_CorrespondingSourceObject: {fileID: 8344206072802340402, guid: f5723f489fbbfe548b13bb36dfb0a57e, type: 3}
  m_PrefabInstance: {fileID: 3428806314326872145}
  m_PrefabAsset: {fileID: 0}
--- !u!1001 &4499857228004432789
PrefabInstance:
  m_ObjectHideFlags: 0
  serializedVersion: 2
  m_Modification:
    serializedVersion: 3
    m_TransformParent: {fileID: 2343443742321495000}
    m_Modifications:
    - target: {fileID: 7990286168661085627, guid: f5723f489fbbfe548b13bb36dfb0a57e, type: 3}
      propertyPath: m_Name
      value: EnemySceleton1 (18)
      objectReference: {fileID: 0}
    - target: {fileID: 8344206072802340402, guid: f5723f489fbbfe548b13bb36dfb0a57e, type: 3}
      propertyPath: m_LocalPosition.x
      value: -3.66
      objectReference: {fileID: 0}
    - target: {fileID: 8344206072802340402, guid: f5723f489fbbfe548b13bb36dfb0a57e, type: 3}
      propertyPath: m_LocalPosition.y
      value: 1
      objectReference: {fileID: 0}
    - target: {fileID: 8344206072802340402, guid: f5723f489fbbfe548b13bb36dfb0a57e, type: 3}
      propertyPath: m_LocalPosition.z
      value: 4
      objectReference: {fileID: 0}
    - target: {fileID: 8344206072802340402, guid: f5723f489fbbfe548b13bb36dfb0a57e, type: 3}
      propertyPath: m_LocalRotation.w
      value: 0.6921296
      objectReference: {fileID: 0}
    - target: {fileID: 8344206072802340402, guid: f5723f489fbbfe548b13bb36dfb0a57e, type: 3}
      propertyPath: m_LocalRotation.x
      value: -0
      objectReference: {fileID: 0}
    - target: {fileID: 8344206072802340402, guid: f5723f489fbbfe548b13bb36dfb0a57e, type: 3}
      propertyPath: m_LocalRotation.y
      value: -0.7217733
      objectReference: {fileID: 0}
    - target: {fileID: 8344206072802340402, guid: f5723f489fbbfe548b13bb36dfb0a57e, type: 3}
      propertyPath: m_LocalRotation.z
      value: -0
      objectReference: {fileID: 0}
    - target: {fileID: 8344206072802340402, guid: f5723f489fbbfe548b13bb36dfb0a57e, type: 3}
      propertyPath: m_LocalEulerAnglesHint.x
      value: 0
      objectReference: {fileID: 0}
    - target: {fileID: 8344206072802340402, guid: f5723f489fbbfe548b13bb36dfb0a57e, type: 3}
      propertyPath: m_LocalEulerAnglesHint.y
      value: -92.402
      objectReference: {fileID: 0}
    - target: {fileID: 8344206072802340402, guid: f5723f489fbbfe548b13bb36dfb0a57e, type: 3}
      propertyPath: m_LocalEulerAnglesHint.z
      value: 0
      objectReference: {fileID: 0}
    m_RemovedComponents: []
    m_RemovedGameObjects: []
    m_AddedGameObjects: []
    m_AddedComponents: []
  m_SourcePrefab: {fileID: 100100000, guid: f5723f489fbbfe548b13bb36dfb0a57e, type: 3}
--- !u!4 &5601958382998648231 stripped
Transform:
  m_CorrespondingSourceObject: {fileID: 8344206072802340402, guid: f5723f489fbbfe548b13bb36dfb0a57e, type: 3}
  m_PrefabInstance: {fileID: 4499857228004432789}
  m_PrefabAsset: {fileID: 0}
--- !u!1001 &4538464167089948817
PrefabInstance:
  m_ObjectHideFlags: 0
  serializedVersion: 2
  m_Modification:
    serializedVersion: 3
    m_TransformParent: {fileID: 2343443742321495000}
    m_Modifications:
    - target: {fileID: 676733950786243087, guid: 5c629fe2dd9d5e643b3788d6e534e0d6, type: 3}
      propertyPath: m_Name
      value: Coin (13)
      objectReference: {fileID: 0}
    - target: {fileID: 3758551626081583316, guid: 5c629fe2dd9d5e643b3788d6e534e0d6, type: 3}
      propertyPath: m_LocalPosition.x
      value: 12.22
      objectReference: {fileID: 0}
    - target: {fileID: 3758551626081583316, guid: 5c629fe2dd9d5e643b3788d6e534e0d6, type: 3}
      propertyPath: m_LocalPosition.y
      value: 1
      objectReference: {fileID: 0}
    - target: {fileID: 3758551626081583316, guid: 5c629fe2dd9d5e643b3788d6e534e0d6, type: 3}
      propertyPath: m_LocalPosition.z
      value: -2.03
      objectReference: {fileID: 0}
    - target: {fileID: 3758551626081583316, guid: 5c629fe2dd9d5e643b3788d6e534e0d6, type: 3}
      propertyPath: m_LocalRotation.w
      value: 1
      objectReference: {fileID: 0}
    - target: {fileID: 3758551626081583316, guid: 5c629fe2dd9d5e643b3788d6e534e0d6, type: 3}
      propertyPath: m_LocalRotation.x
      value: -0
      objectReference: {fileID: 0}
    - target: {fileID: 3758551626081583316, guid: 5c629fe2dd9d5e643b3788d6e534e0d6, type: 3}
      propertyPath: m_LocalRotation.y
      value: -0
      objectReference: {fileID: 0}
    - target: {fileID: 3758551626081583316, guid: 5c629fe2dd9d5e643b3788d6e534e0d6, type: 3}
      propertyPath: m_LocalRotation.z
      value: -0
      objectReference: {fileID: 0}
    - target: {fileID: 3758551626081583316, guid: 5c629fe2dd9d5e643b3788d6e534e0d6, type: 3}
      propertyPath: m_LocalEulerAnglesHint.x
      value: 0
      objectReference: {fileID: 0}
    - target: {fileID: 3758551626081583316, guid: 5c629fe2dd9d5e643b3788d6e534e0d6, type: 3}
      propertyPath: m_LocalEulerAnglesHint.y
      value: 0
      objectReference: {fileID: 0}
    - target: {fileID: 3758551626081583316, guid: 5c629fe2dd9d5e643b3788d6e534e0d6, type: 3}
      propertyPath: m_LocalEulerAnglesHint.z
      value: 0
      objectReference: {fileID: 0}
    m_RemovedComponents: []
    m_RemovedGameObjects: []
    m_AddedGameObjects: []
    m_AddedComponents: []
  m_SourcePrefab: {fileID: 100100000, guid: 5c629fe2dd9d5e643b3788d6e534e0d6, type: 3}
--- !u!4 &779918607868168261 stripped
Transform:
  m_CorrespondingSourceObject: {fileID: 3758551626081583316, guid: 5c629fe2dd9d5e643b3788d6e534e0d6, type: 3}
  m_PrefabInstance: {fileID: 4538464167089948817}
  m_PrefabAsset: {fileID: 0}
--- !u!1001 &4754313324921388126
PrefabInstance:
  m_ObjectHideFlags: 0
  serializedVersion: 2
  m_Modification:
    serializedVersion: 3
    m_TransformParent: {fileID: 2343443742321495000}
    m_Modifications:
    - target: {fileID: 7990286168661085627, guid: f5723f489fbbfe548b13bb36dfb0a57e, type: 3}
      propertyPath: m_Name
      value: EnemySceleton1 (20)
      objectReference: {fileID: 0}
    - target: {fileID: 8344206072802340402, guid: f5723f489fbbfe548b13bb36dfb0a57e, type: 3}
      propertyPath: m_LocalPosition.x
      value: 36.09
      objectReference: {fileID: 0}
    - target: {fileID: 8344206072802340402, guid: f5723f489fbbfe548b13bb36dfb0a57e, type: 3}
      propertyPath: m_LocalPosition.y
      value: 1
      objectReference: {fileID: 0}
    - target: {fileID: 8344206072802340402, guid: f5723f489fbbfe548b13bb36dfb0a57e, type: 3}
      propertyPath: m_LocalPosition.z
      value: 0
      objectReference: {fileID: 0}
    - target: {fileID: 8344206072802340402, guid: f5723f489fbbfe548b13bb36dfb0a57e, type: 3}
      propertyPath: m_LocalRotation.w
      value: 0.6921296
      objectReference: {fileID: 0}
    - target: {fileID: 8344206072802340402, guid: f5723f489fbbfe548b13bb36dfb0a57e, type: 3}
      propertyPath: m_LocalRotation.x
      value: -0
      objectReference: {fileID: 0}
    - target: {fileID: 8344206072802340402, guid: f5723f489fbbfe548b13bb36dfb0a57e, type: 3}
      propertyPath: m_LocalRotation.y
      value: -0.7217733
      objectReference: {fileID: 0}
    - target: {fileID: 8344206072802340402, guid: f5723f489fbbfe548b13bb36dfb0a57e, type: 3}
      propertyPath: m_LocalRotation.z
      value: -0
      objectReference: {fileID: 0}
    - target: {fileID: 8344206072802340402, guid: f5723f489fbbfe548b13bb36dfb0a57e, type: 3}
      propertyPath: m_LocalEulerAnglesHint.x
      value: 0
      objectReference: {fileID: 0}
    - target: {fileID: 8344206072802340402, guid: f5723f489fbbfe548b13bb36dfb0a57e, type: 3}
      propertyPath: m_LocalEulerAnglesHint.y
      value: -92.402
      objectReference: {fileID: 0}
    - target: {fileID: 8344206072802340402, guid: f5723f489fbbfe548b13bb36dfb0a57e, type: 3}
      propertyPath: m_LocalEulerAnglesHint.z
      value: 0
      objectReference: {fileID: 0}
    m_RemovedComponents: []
    m_RemovedGameObjects: []
    m_AddedGameObjects: []
    m_AddedComponents: []
  m_SourcePrefab: {fileID: 100100000, guid: f5723f489fbbfe548b13bb36dfb0a57e, type: 3}
--- !u!4 &3618121068273865324 stripped
Transform:
  m_CorrespondingSourceObject: {fileID: 8344206072802340402, guid: f5723f489fbbfe548b13bb36dfb0a57e, type: 3}
  m_PrefabInstance: {fileID: 4754313324921388126}
  m_PrefabAsset: {fileID: 0}
--- !u!1001 &4782154361165945011
PrefabInstance:
  m_ObjectHideFlags: 0
  serializedVersion: 2
  m_Modification:
    serializedVersion: 3
    m_TransformParent: {fileID: 2343443742321495000}
    m_Modifications:
    - target: {fileID: 7990286168661085627, guid: f5723f489fbbfe548b13bb36dfb0a57e, type: 3}
      propertyPath: m_Name
      value: EnemySceleton1 (17)
      objectReference: {fileID: 0}
    - target: {fileID: 8344206072802340402, guid: f5723f489fbbfe548b13bb36dfb0a57e, type: 3}
      propertyPath: m_LocalPosition.x
      value: -3.4900007
      objectReference: {fileID: 0}
    - target: {fileID: 8344206072802340402, guid: f5723f489fbbfe548b13bb36dfb0a57e, type: 3}
      propertyPath: m_LocalPosition.y
      value: 1
      objectReference: {fileID: 0}
    - target: {fileID: 8344206072802340402, guid: f5723f489fbbfe548b13bb36dfb0a57e, type: 3}
      propertyPath: m_LocalPosition.z
      value: -4
      objectReference: {fileID: 0}
    - target: {fileID: 8344206072802340402, guid: f5723f489fbbfe548b13bb36dfb0a57e, type: 3}
      propertyPath: m_LocalRotation.w
      value: 0.6921296
      objectReference: {fileID: 0}
    - target: {fileID: 8344206072802340402, guid: f5723f489fbbfe548b13bb36dfb0a57e, type: 3}
      propertyPath: m_LocalRotation.x
      value: -0
      objectReference: {fileID: 0}
    - target: {fileID: 8344206072802340402, guid: f5723f489fbbfe548b13bb36dfb0a57e, type: 3}
      propertyPath: m_LocalRotation.y
      value: -0.7217733
      objectReference: {fileID: 0}
    - target: {fileID: 8344206072802340402, guid: f5723f489fbbfe548b13bb36dfb0a57e, type: 3}
      propertyPath: m_LocalRotation.z
      value: -0
      objectReference: {fileID: 0}
    - target: {fileID: 8344206072802340402, guid: f5723f489fbbfe548b13bb36dfb0a57e, type: 3}
      propertyPath: m_LocalEulerAnglesHint.x
      value: 0
      objectReference: {fileID: 0}
    - target: {fileID: 8344206072802340402, guid: f5723f489fbbfe548b13bb36dfb0a57e, type: 3}
      propertyPath: m_LocalEulerAnglesHint.y
      value: -92.402
      objectReference: {fileID: 0}
    - target: {fileID: 8344206072802340402, guid: f5723f489fbbfe548b13bb36dfb0a57e, type: 3}
      propertyPath: m_LocalEulerAnglesHint.z
      value: 0
      objectReference: {fileID: 0}
    m_RemovedComponents: []
    m_RemovedGameObjects: []
    m_AddedGameObjects: []
    m_AddedComponents: []
  m_SourcePrefab: {fileID: 100100000, guid: f5723f489fbbfe548b13bb36dfb0a57e, type: 3}
--- !u!4 &3571692309058418305 stripped
Transform:
  m_CorrespondingSourceObject: {fileID: 8344206072802340402, guid: f5723f489fbbfe548b13bb36dfb0a57e, type: 3}
  m_PrefabInstance: {fileID: 4782154361165945011}
  m_PrefabAsset: {fileID: 0}
--- !u!1001 &4975791863934880853
PrefabInstance:
  m_ObjectHideFlags: 0
  serializedVersion: 2
  m_Modification:
    serializedVersion: 3
    m_TransformParent: {fileID: 2343443742321495000}
    m_Modifications:
    - target: {fileID: 676733950786243087, guid: 5c629fe2dd9d5e643b3788d6e534e0d6, type: 3}
      propertyPath: m_Name
      value: Coin (9)
      objectReference: {fileID: 0}
    - target: {fileID: 3758551626081583316, guid: 5c629fe2dd9d5e643b3788d6e534e0d6, type: 3}
      propertyPath: m_LocalPosition.x
      value: -45.71
      objectReference: {fileID: 0}
    - target: {fileID: 3758551626081583316, guid: 5c629fe2dd9d5e643b3788d6e534e0d6, type: 3}
      propertyPath: m_LocalPosition.y
      value: 1
      objectReference: {fileID: 0}
    - target: {fileID: 3758551626081583316, guid: 5c629fe2dd9d5e643b3788d6e534e0d6, type: 3}
      propertyPath: m_LocalPosition.z
      value: 0
      objectReference: {fileID: 0}
    - target: {fileID: 3758551626081583316, guid: 5c629fe2dd9d5e643b3788d6e534e0d6, type: 3}
      propertyPath: m_LocalRotation.w
      value: 1
      objectReference: {fileID: 0}
    - target: {fileID: 3758551626081583316, guid: 5c629fe2dd9d5e643b3788d6e534e0d6, type: 3}
      propertyPath: m_LocalRotation.x
      value: -0
      objectReference: {fileID: 0}
    - target: {fileID: 3758551626081583316, guid: 5c629fe2dd9d5e643b3788d6e534e0d6, type: 3}
      propertyPath: m_LocalRotation.y
      value: -0
      objectReference: {fileID: 0}
    - target: {fileID: 3758551626081583316, guid: 5c629fe2dd9d5e643b3788d6e534e0d6, type: 3}
      propertyPath: m_LocalRotation.z
      value: -0
      objectReference: {fileID: 0}
    - target: {fileID: 3758551626081583316, guid: 5c629fe2dd9d5e643b3788d6e534e0d6, type: 3}
      propertyPath: m_LocalEulerAnglesHint.x
      value: 0
      objectReference: {fileID: 0}
    - target: {fileID: 3758551626081583316, guid: 5c629fe2dd9d5e643b3788d6e534e0d6, type: 3}
      propertyPath: m_LocalEulerAnglesHint.y
      value: 0
      objectReference: {fileID: 0}
    - target: {fileID: 3758551626081583316, guid: 5c629fe2dd9d5e643b3788d6e534e0d6, type: 3}
      propertyPath: m_LocalEulerAnglesHint.z
      value: 0
      objectReference: {fileID: 0}
    m_RemovedComponents: []
    m_RemovedGameObjects: []
    m_AddedGameObjects: []
    m_AddedComponents: []
  m_SourcePrefab: {fileID: 100100000, guid: 5c629fe2dd9d5e643b3788d6e534e0d6, type: 3}
--- !u!4 &8152815618577484929 stripped
Transform:
  m_CorrespondingSourceObject: {fileID: 3758551626081583316, guid: 5c629fe2dd9d5e643b3788d6e534e0d6, type: 3}
  m_PrefabInstance: {fileID: 4975791863934880853}
  m_PrefabAsset: {fileID: 0}
--- !u!1001 &6029902254174382258
PrefabInstance:
  m_ObjectHideFlags: 0
  serializedVersion: 2
  m_Modification:
    serializedVersion: 3
    m_TransformParent: {fileID: 2343443742321495000}
    m_Modifications:
    - target: {fileID: 676733950786243087, guid: 5c629fe2dd9d5e643b3788d6e534e0d6, type: 3}
      propertyPath: m_Name
      value: Coin (10)
      objectReference: {fileID: 0}
    - target: {fileID: 3758551626081583316, guid: 5c629fe2dd9d5e643b3788d6e534e0d6, type: 3}
      propertyPath: m_LocalPosition.x
      value: -38.92
      objectReference: {fileID: 0}
    - target: {fileID: 3758551626081583316, guid: 5c629fe2dd9d5e643b3788d6e534e0d6, type: 3}
      propertyPath: m_LocalPosition.y
      value: 1
      objectReference: {fileID: 0}
    - target: {fileID: 3758551626081583316, guid: 5c629fe2dd9d5e643b3788d6e534e0d6, type: 3}
      propertyPath: m_LocalPosition.z
      value: 0
      objectReference: {fileID: 0}
    - target: {fileID: 3758551626081583316, guid: 5c629fe2dd9d5e643b3788d6e534e0d6, type: 3}
      propertyPath: m_LocalRotation.w
      value: 1
      objectReference: {fileID: 0}
    - target: {fileID: 3758551626081583316, guid: 5c629fe2dd9d5e643b3788d6e534e0d6, type: 3}
      propertyPath: m_LocalRotation.x
      value: -0
      objectReference: {fileID: 0}
    - target: {fileID: 3758551626081583316, guid: 5c629fe2dd9d5e643b3788d6e534e0d6, type: 3}
      propertyPath: m_LocalRotation.y
      value: -0
      objectReference: {fileID: 0}
    - target: {fileID: 3758551626081583316, guid: 5c629fe2dd9d5e643b3788d6e534e0d6, type: 3}
      propertyPath: m_LocalRotation.z
      value: -0
      objectReference: {fileID: 0}
    - target: {fileID: 3758551626081583316, guid: 5c629fe2dd9d5e643b3788d6e534e0d6, type: 3}
      propertyPath: m_LocalEulerAnglesHint.x
      value: 0
      objectReference: {fileID: 0}
    - target: {fileID: 3758551626081583316, guid: 5c629fe2dd9d5e643b3788d6e534e0d6, type: 3}
      propertyPath: m_LocalEulerAnglesHint.y
      value: 0
      objectReference: {fileID: 0}
    - target: {fileID: 3758551626081583316, guid: 5c629fe2dd9d5e643b3788d6e534e0d6, type: 3}
      propertyPath: m_LocalEulerAnglesHint.z
      value: 0
      objectReference: {fileID: 0}
    m_RemovedComponents: []
    m_RemovedGameObjects: []
    m_AddedGameObjects: []
    m_AddedComponents: []
  m_SourcePrefab: {fileID: 100100000, guid: 5c629fe2dd9d5e643b3788d6e534e0d6, type: 3}
--- !u!4 &7460084059564894310 stripped
Transform:
  m_CorrespondingSourceObject: {fileID: 3758551626081583316, guid: 5c629fe2dd9d5e643b3788d6e534e0d6, type: 3}
  m_PrefabInstance: {fileID: 6029902254174382258}
  m_PrefabAsset: {fileID: 0}
--- !u!1001 &6353461107367299339
PrefabInstance:
  m_ObjectHideFlags: 0
  serializedVersion: 2
  m_Modification:
    serializedVersion: 3
    m_TransformParent: {fileID: 2343443742321495000}
    m_Modifications:
    - target: {fileID: 676733950786243087, guid: 5c629fe2dd9d5e643b3788d6e534e0d6, type: 3}
      propertyPath: m_Name
      value: Coin (14)
      objectReference: {fileID: 0}
    - target: {fileID: 3758551626081583316, guid: 5c629fe2dd9d5e643b3788d6e534e0d6, type: 3}
      propertyPath: m_LocalPosition.x
      value: -3.4
      objectReference: {fileID: 0}
    - target: {fileID: 3758551626081583316, guid: 5c629fe2dd9d5e643b3788d6e534e0d6, type: 3}
      propertyPath: m_LocalPosition.y
      value: 1
      objectReference: {fileID: 0}
    - target: {fileID: 3758551626081583316, guid: 5c629fe2dd9d5e643b3788d6e534e0d6, type: 3}
      propertyPath: m_LocalPosition.z
      value: -2
      objectReference: {fileID: 0}
    - target: {fileID: 3758551626081583316, guid: 5c629fe2dd9d5e643b3788d6e534e0d6, type: 3}
      propertyPath: m_LocalRotation.w
      value: 1
      objectReference: {fileID: 0}
    - target: {fileID: 3758551626081583316, guid: 5c629fe2dd9d5e643b3788d6e534e0d6, type: 3}
      propertyPath: m_LocalRotation.x
      value: -0
      objectReference: {fileID: 0}
    - target: {fileID: 3758551626081583316, guid: 5c629fe2dd9d5e643b3788d6e534e0d6, type: 3}
      propertyPath: m_LocalRotation.y
      value: -0
      objectReference: {fileID: 0}
    - target: {fileID: 3758551626081583316, guid: 5c629fe2dd9d5e643b3788d6e534e0d6, type: 3}
      propertyPath: m_LocalRotation.z
      value: -0
      objectReference: {fileID: 0}
    - target: {fileID: 3758551626081583316, guid: 5c629fe2dd9d5e643b3788d6e534e0d6, type: 3}
      propertyPath: m_LocalEulerAnglesHint.x
      value: 0
      objectReference: {fileID: 0}
    - target: {fileID: 3758551626081583316, guid: 5c629fe2dd9d5e643b3788d6e534e0d6, type: 3}
      propertyPath: m_LocalEulerAnglesHint.y
      value: 0
      objectReference: {fileID: 0}
    - target: {fileID: 3758551626081583316, guid: 5c629fe2dd9d5e643b3788d6e534e0d6, type: 3}
      propertyPath: m_LocalEulerAnglesHint.z
      value: 0
      objectReference: {fileID: 0}
    m_RemovedComponents: []
    m_RemovedGameObjects: []
    m_AddedGameObjects: []
    m_AddedComponents: []
  m_SourcePrefab: {fileID: 100100000, guid: 5c629fe2dd9d5e643b3788d6e534e0d6, type: 3}
--- !u!4 &7783638514291968479 stripped
Transform:
  m_CorrespondingSourceObject: {fileID: 3758551626081583316, guid: 5c629fe2dd9d5e643b3788d6e534e0d6, type: 3}
  m_PrefabInstance: {fileID: 6353461107367299339}
  m_PrefabAsset: {fileID: 0}
--- !u!1001 &6358697833820763233
PrefabInstance:
  m_ObjectHideFlags: 0
  serializedVersion: 2
  m_Modification:
    serializedVersion: 3
    m_TransformParent: {fileID: 2343443742321495000}
    m_Modifications:
    - target: {fileID: 7990286168661085627, guid: f5723f489fbbfe548b13bb36dfb0a57e, type: 3}
      propertyPath: m_Name
      value: EnemySceleton1 (10)
      objectReference: {fileID: 0}
    - target: {fileID: 8344206072802340402, guid: f5723f489fbbfe548b13bb36dfb0a57e, type: 3}
      propertyPath: m_LocalPosition.x
      value: -11.220001
      objectReference: {fileID: 0}
    - target: {fileID: 8344206072802340402, guid: f5723f489fbbfe548b13bb36dfb0a57e, type: 3}
      propertyPath: m_LocalPosition.y
      value: 1
      objectReference: {fileID: 0}
    - target: {fileID: 8344206072802340402, guid: f5723f489fbbfe548b13bb36dfb0a57e, type: 3}
      propertyPath: m_LocalPosition.z
      value: 0
      objectReference: {fileID: 0}
    - target: {fileID: 8344206072802340402, guid: f5723f489fbbfe548b13bb36dfb0a57e, type: 3}
      propertyPath: m_LocalRotation.w
      value: 0.6921296
      objectReference: {fileID: 0}
    - target: {fileID: 8344206072802340402, guid: f5723f489fbbfe548b13bb36dfb0a57e, type: 3}
      propertyPath: m_LocalRotation.x
      value: -0
      objectReference: {fileID: 0}
    - target: {fileID: 8344206072802340402, guid: f5723f489fbbfe548b13bb36dfb0a57e, type: 3}
      propertyPath: m_LocalRotation.y
      value: -0.7217733
      objectReference: {fileID: 0}
    - target: {fileID: 8344206072802340402, guid: f5723f489fbbfe548b13bb36dfb0a57e, type: 3}
      propertyPath: m_LocalRotation.z
      value: -0
      objectReference: {fileID: 0}
    - target: {fileID: 8344206072802340402, guid: f5723f489fbbfe548b13bb36dfb0a57e, type: 3}
      propertyPath: m_LocalEulerAnglesHint.x
      value: 0
      objectReference: {fileID: 0}
    - target: {fileID: 8344206072802340402, guid: f5723f489fbbfe548b13bb36dfb0a57e, type: 3}
      propertyPath: m_LocalEulerAnglesHint.y
      value: -92.402
      objectReference: {fileID: 0}
    - target: {fileID: 8344206072802340402, guid: f5723f489fbbfe548b13bb36dfb0a57e, type: 3}
      propertyPath: m_LocalEulerAnglesHint.z
      value: 0
      objectReference: {fileID: 0}
    m_RemovedComponents: []
    m_RemovedGameObjects: []
    m_AddedGameObjects: []
    m_AddedComponents: []
  m_SourcePrefab: {fileID: 100100000, guid: f5723f489fbbfe548b13bb36dfb0a57e, type: 3}
--- !u!4 &3166649338757962323 stripped
Transform:
  m_CorrespondingSourceObject: {fileID: 8344206072802340402, guid: f5723f489fbbfe548b13bb36dfb0a57e, type: 3}
  m_PrefabInstance: {fileID: 6358697833820763233}
  m_PrefabAsset: {fileID: 0}
--- !u!1001 &6981535680822054127
PrefabInstance:
  m_ObjectHideFlags: 0
  serializedVersion: 2
  m_Modification:
    serializedVersion: 3
    m_TransformParent: {fileID: 2343443742321495000}
    m_Modifications:
    - target: {fileID: 7990286168661085627, guid: f5723f489fbbfe548b13bb36dfb0a57e, type: 3}
      propertyPath: m_Name
      value: EnemySceleton1 (13)
      objectReference: {fileID: 0}
    - target: {fileID: 8344206072802340402, guid: f5723f489fbbfe548b13bb36dfb0a57e, type: 3}
      propertyPath: m_LocalPosition.x
      value: 12.220001
      objectReference: {fileID: 0}
    - target: {fileID: 8344206072802340402, guid: f5723f489fbbfe548b13bb36dfb0a57e, type: 3}
      propertyPath: m_LocalPosition.y
      value: 1
      objectReference: {fileID: 0}
    - target: {fileID: 8344206072802340402, guid: f5723f489fbbfe548b13bb36dfb0a57e, type: 3}
      propertyPath: m_LocalPosition.z
      value: -4
      objectReference: {fileID: 0}
    - target: {fileID: 8344206072802340402, guid: f5723f489fbbfe548b13bb36dfb0a57e, type: 3}
      propertyPath: m_LocalRotation.w
      value: 0.6921296
      objectReference: {fileID: 0}
    - target: {fileID: 8344206072802340402, guid: f5723f489fbbfe548b13bb36dfb0a57e, type: 3}
      propertyPath: m_LocalRotation.x
      value: -0
      objectReference: {fileID: 0}
    - target: {fileID: 8344206072802340402, guid: f5723f489fbbfe548b13bb36dfb0a57e, type: 3}
      propertyPath: m_LocalRotation.y
      value: -0.7217733
      objectReference: {fileID: 0}
    - target: {fileID: 8344206072802340402, guid: f5723f489fbbfe548b13bb36dfb0a57e, type: 3}
      propertyPath: m_LocalRotation.z
      value: -0
      objectReference: {fileID: 0}
    - target: {fileID: 8344206072802340402, guid: f5723f489fbbfe548b13bb36dfb0a57e, type: 3}
      propertyPath: m_LocalEulerAnglesHint.x
      value: 0
      objectReference: {fileID: 0}
    - target: {fileID: 8344206072802340402, guid: f5723f489fbbfe548b13bb36dfb0a57e, type: 3}
      propertyPath: m_LocalEulerAnglesHint.y
      value: -92.402
      objectReference: {fileID: 0}
    - target: {fileID: 8344206072802340402, guid: f5723f489fbbfe548b13bb36dfb0a57e, type: 3}
      propertyPath: m_LocalEulerAnglesHint.z
      value: 0
      objectReference: {fileID: 0}
    m_RemovedComponents: []
    m_RemovedGameObjects: []
    m_AddedGameObjects: []
    m_AddedComponents: []
  m_SourcePrefab: {fileID: 100100000, guid: f5723f489fbbfe548b13bb36dfb0a57e, type: 3}
--- !u!4 &1382594644337451741 stripped
Transform:
  m_CorrespondingSourceObject: {fileID: 8344206072802340402, guid: f5723f489fbbfe548b13bb36dfb0a57e, type: 3}
  m_PrefabInstance: {fileID: 6981535680822054127}
  m_PrefabAsset: {fileID: 0}
--- !u!1001 &7031572404365815523
PrefabInstance:
  m_ObjectHideFlags: 0
  serializedVersion: 2
  m_Modification:
    serializedVersion: 3
    m_TransformParent: {fileID: 2343443742321495000}
    m_Modifications:
    - target: {fileID: 7990286168661085627, guid: f5723f489fbbfe548b13bb36dfb0a57e, type: 3}
      propertyPath: m_Name
      value: EnemySceleton1 (16)
      objectReference: {fileID: 0}
    - target: {fileID: 8344206072802340402, guid: f5723f489fbbfe548b13bb36dfb0a57e, type: 3}
      propertyPath: m_LocalPosition.x
      value: -3.49
      objectReference: {fileID: 0}
    - target: {fileID: 8344206072802340402, guid: f5723f489fbbfe548b13bb36dfb0a57e, type: 3}
      propertyPath: m_LocalPosition.y
      value: 1
      objectReference: {fileID: 0}
    - target: {fileID: 8344206072802340402, guid: f5723f489fbbfe548b13bb36dfb0a57e, type: 3}
      propertyPath: m_LocalPosition.z
      value: 2
      objectReference: {fileID: 0}
    - target: {fileID: 8344206072802340402, guid: f5723f489fbbfe548b13bb36dfb0a57e, type: 3}
      propertyPath: m_LocalRotation.w
      value: 0.6921296
      objectReference: {fileID: 0}
    - target: {fileID: 8344206072802340402, guid: f5723f489fbbfe548b13bb36dfb0a57e, type: 3}
      propertyPath: m_LocalRotation.x
      value: -0
      objectReference: {fileID: 0}
    - target: {fileID: 8344206072802340402, guid: f5723f489fbbfe548b13bb36dfb0a57e, type: 3}
      propertyPath: m_LocalRotation.y
      value: -0.7217733
      objectReference: {fileID: 0}
    - target: {fileID: 8344206072802340402, guid: f5723f489fbbfe548b13bb36dfb0a57e, type: 3}
      propertyPath: m_LocalRotation.z
      value: -0
      objectReference: {fileID: 0}
    - target: {fileID: 8344206072802340402, guid: f5723f489fbbfe548b13bb36dfb0a57e, type: 3}
      propertyPath: m_LocalEulerAnglesHint.x
      value: 0
      objectReference: {fileID: 0}
    - target: {fileID: 8344206072802340402, guid: f5723f489fbbfe548b13bb36dfb0a57e, type: 3}
      propertyPath: m_LocalEulerAnglesHint.y
      value: -92.402
      objectReference: {fileID: 0}
    - target: {fileID: 8344206072802340402, guid: f5723f489fbbfe548b13bb36dfb0a57e, type: 3}
      propertyPath: m_LocalEulerAnglesHint.z
      value: 0
      objectReference: {fileID: 0}
    m_RemovedComponents: []
    m_RemovedGameObjects: []
    m_AddedGameObjects: []
    m_AddedComponents: []
  m_SourcePrefab: {fileID: 100100000, guid: f5723f489fbbfe548b13bb36dfb0a57e, type: 3}
--- !u!4 &1322293498998915281 stripped
Transform:
  m_CorrespondingSourceObject: {fileID: 8344206072802340402, guid: f5723f489fbbfe548b13bb36dfb0a57e, type: 3}
  m_PrefabInstance: {fileID: 7031572404365815523}
  m_PrefabAsset: {fileID: 0}
--- !u!1001 &7137578753776010573
PrefabInstance:
  m_ObjectHideFlags: 0
  serializedVersion: 2
  m_Modification:
    serializedVersion: 3
    m_TransformParent: {fileID: 2343443742321495000}
    m_Modifications:
    - target: {fileID: 676733950786243087, guid: 5c629fe2dd9d5e643b3788d6e534e0d6, type: 3}
      propertyPath: m_Name
      value: Coin (8)
      objectReference: {fileID: 0}
    - target: {fileID: 3758551626081583316, guid: 5c629fe2dd9d5e643b3788d6e534e0d6, type: 3}
      propertyPath: m_LocalPosition.x
      value: -35.98
      objectReference: {fileID: 0}
    - target: {fileID: 3758551626081583316, guid: 5c629fe2dd9d5e643b3788d6e534e0d6, type: 3}
      propertyPath: m_LocalPosition.y
      value: 1
      objectReference: {fileID: 0}
    - target: {fileID: 3758551626081583316, guid: 5c629fe2dd9d5e643b3788d6e534e0d6, type: 3}
      propertyPath: m_LocalPosition.z
      value: 0
      objectReference: {fileID: 0}
    - target: {fileID: 3758551626081583316, guid: 5c629fe2dd9d5e643b3788d6e534e0d6, type: 3}
      propertyPath: m_LocalRotation.w
      value: 1
      objectReference: {fileID: 0}
    - target: {fileID: 3758551626081583316, guid: 5c629fe2dd9d5e643b3788d6e534e0d6, type: 3}
      propertyPath: m_LocalRotation.x
      value: -0
      objectReference: {fileID: 0}
    - target: {fileID: 3758551626081583316, guid: 5c629fe2dd9d5e643b3788d6e534e0d6, type: 3}
      propertyPath: m_LocalRotation.y
      value: -0
      objectReference: {fileID: 0}
    - target: {fileID: 3758551626081583316, guid: 5c629fe2dd9d5e643b3788d6e534e0d6, type: 3}
      propertyPath: m_LocalRotation.z
      value: -0
      objectReference: {fileID: 0}
    - target: {fileID: 3758551626081583316, guid: 5c629fe2dd9d5e643b3788d6e534e0d6, type: 3}
      propertyPath: m_LocalEulerAnglesHint.x
      value: 0
      objectReference: {fileID: 0}
    - target: {fileID: 3758551626081583316, guid: 5c629fe2dd9d5e643b3788d6e534e0d6, type: 3}
      propertyPath: m_LocalEulerAnglesHint.y
      value: 0
      objectReference: {fileID: 0}
    - target: {fileID: 3758551626081583316, guid: 5c629fe2dd9d5e643b3788d6e534e0d6, type: 3}
      propertyPath: m_LocalEulerAnglesHint.z
      value: 0
      objectReference: {fileID: 0}
    m_RemovedComponents: []
    m_RemovedGameObjects: []
    m_AddedGameObjects: []
    m_AddedComponents: []
  m_SourcePrefab: {fileID: 100100000, guid: 5c629fe2dd9d5e643b3788d6e534e0d6, type: 3}
--- !u!4 &6279364529193125273 stripped
Transform:
  m_CorrespondingSourceObject: {fileID: 3758551626081583316, guid: 5c629fe2dd9d5e643b3788d6e534e0d6, type: 3}
  m_PrefabInstance: {fileID: 7137578753776010573}
  m_PrefabAsset: {fileID: 0}
--- !u!1001 &7666727268288045645
PrefabInstance:
  m_ObjectHideFlags: 0
  serializedVersion: 2
  m_Modification:
    serializedVersion: 3
    m_TransformParent: {fileID: 2343443742321495000}
    m_Modifications:
    - target: {fileID: 7990286168661085627, guid: f5723f489fbbfe548b13bb36dfb0a57e, type: 3}
      propertyPath: m_Name
      value: EnemySceleton1 (9)
      objectReference: {fileID: 0}
    - target: {fileID: 8344206072802340402, guid: f5723f489fbbfe548b13bb36dfb0a57e, type: 3}
      propertyPath: m_LocalPosition.x
      value: -11.22
      objectReference: {fileID: 0}
    - target: {fileID: 8344206072802340402, guid: f5723f489fbbfe548b13bb36dfb0a57e, type: 3}
      propertyPath: m_LocalPosition.y
      value: 1
      objectReference: {fileID: 0}
    - target: {fileID: 8344206072802340402, guid: f5723f489fbbfe548b13bb36dfb0a57e, type: 3}
      propertyPath: m_LocalPosition.z
      value: -4
      objectReference: {fileID: 0}
    - target: {fileID: 8344206072802340402, guid: f5723f489fbbfe548b13bb36dfb0a57e, type: 3}
      propertyPath: m_LocalRotation.w
      value: 0.6921296
      objectReference: {fileID: 0}
    - target: {fileID: 8344206072802340402, guid: f5723f489fbbfe548b13bb36dfb0a57e, type: 3}
      propertyPath: m_LocalRotation.x
      value: -0
      objectReference: {fileID: 0}
    - target: {fileID: 8344206072802340402, guid: f5723f489fbbfe548b13bb36dfb0a57e, type: 3}
      propertyPath: m_LocalRotation.y
      value: -0.7217733
      objectReference: {fileID: 0}
    - target: {fileID: 8344206072802340402, guid: f5723f489fbbfe548b13bb36dfb0a57e, type: 3}
      propertyPath: m_LocalRotation.z
      value: -0
      objectReference: {fileID: 0}
    - target: {fileID: 8344206072802340402, guid: f5723f489fbbfe548b13bb36dfb0a57e, type: 3}
      propertyPath: m_LocalEulerAnglesHint.x
      value: 0
      objectReference: {fileID: 0}
    - target: {fileID: 8344206072802340402, guid: f5723f489fbbfe548b13bb36dfb0a57e, type: 3}
      propertyPath: m_LocalEulerAnglesHint.y
      value: -92.402
      objectReference: {fileID: 0}
    - target: {fileID: 8344206072802340402, guid: f5723f489fbbfe548b13bb36dfb0a57e, type: 3}
      propertyPath: m_LocalEulerAnglesHint.z
      value: 0
      objectReference: {fileID: 0}
    m_RemovedComponents: []
    m_RemovedGameObjects: []
    m_AddedGameObjects: []
    m_AddedComponents: []
  m_SourcePrefab: {fileID: 100100000, guid: f5723f489fbbfe548b13bb36dfb0a57e, type: 3}
--- !u!4 &1849076064145788031 stripped
Transform:
  m_CorrespondingSourceObject: {fileID: 8344206072802340402, guid: f5723f489fbbfe548b13bb36dfb0a57e, type: 3}
  m_PrefabInstance: {fileID: 7666727268288045645}
  m_PrefabAsset: {fileID: 0}
--- !u!1001 &7930960986196134764
PrefabInstance:
  m_ObjectHideFlags: 0
  serializedVersion: 2
  m_Modification:
    serializedVersion: 3
    m_TransformParent: {fileID: 2343443742321495000}
    m_Modifications:
    - target: {fileID: 676733950786243087, guid: 5c629fe2dd9d5e643b3788d6e534e0d6, type: 3}
      propertyPath: m_Name
      value: Coin (15)
      objectReference: {fileID: 0}
    - target: {fileID: 3758551626081583316, guid: 5c629fe2dd9d5e643b3788d6e534e0d6, type: 3}
      propertyPath: m_LocalPosition.x
      value: 12.04
      objectReference: {fileID: 0}
    - target: {fileID: 3758551626081583316, guid: 5c629fe2dd9d5e643b3788d6e534e0d6, type: 3}
      propertyPath: m_LocalPosition.y
      value: 1
      objectReference: {fileID: 0}
    - target: {fileID: 3758551626081583316, guid: 5c629fe2dd9d5e643b3788d6e534e0d6, type: 3}
      propertyPath: m_LocalPosition.z
      value: 2.24
      objectReference: {fileID: 0}
    - target: {fileID: 3758551626081583316, guid: 5c629fe2dd9d5e643b3788d6e534e0d6, type: 3}
      propertyPath: m_LocalRotation.w
      value: 1
      objectReference: {fileID: 0}
    - target: {fileID: 3758551626081583316, guid: 5c629fe2dd9d5e643b3788d6e534e0d6, type: 3}
      propertyPath: m_LocalRotation.x
      value: -0
      objectReference: {fileID: 0}
    - target: {fileID: 3758551626081583316, guid: 5c629fe2dd9d5e643b3788d6e534e0d6, type: 3}
      propertyPath: m_LocalRotation.y
      value: -0
      objectReference: {fileID: 0}
    - target: {fileID: 3758551626081583316, guid: 5c629fe2dd9d5e643b3788d6e534e0d6, type: 3}
      propertyPath: m_LocalRotation.z
      value: -0
      objectReference: {fileID: 0}
    - target: {fileID: 3758551626081583316, guid: 5c629fe2dd9d5e643b3788d6e534e0d6, type: 3}
      propertyPath: m_LocalEulerAnglesHint.x
      value: 0
      objectReference: {fileID: 0}
    - target: {fileID: 3758551626081583316, guid: 5c629fe2dd9d5e643b3788d6e534e0d6, type: 3}
      propertyPath: m_LocalEulerAnglesHint.y
      value: 0
      objectReference: {fileID: 0}
    - target: {fileID: 3758551626081583316, guid: 5c629fe2dd9d5e643b3788d6e534e0d6, type: 3}
      propertyPath: m_LocalEulerAnglesHint.z
      value: 0
      objectReference: {fileID: 0}
    m_RemovedComponents: []
    m_RemovedGameObjects: []
    m_AddedGameObjects: []
    m_AddedComponents: []
  m_SourcePrefab: {fileID: 100100000, guid: 5c629fe2dd9d5e643b3788d6e534e0d6, type: 3}
--- !u!4 &6501333319903120312 stripped
Transform:
  m_CorrespondingSourceObject: {fileID: 3758551626081583316, guid: 5c629fe2dd9d5e643b3788d6e534e0d6, type: 3}
  m_PrefabInstance: {fileID: 7930960986196134764}
  m_PrefabAsset: {fileID: 0}
--- !u!1001 &8091148565759620884
PrefabInstance:
  m_ObjectHideFlags: 0
  serializedVersion: 2
  m_Modification:
    serializedVersion: 3
    m_TransformParent: {fileID: 2343443742321495000}
    m_Modifications:
    - target: {fileID: 7990286168661085627, guid: f5723f489fbbfe548b13bb36dfb0a57e, type: 3}
      propertyPath: m_Name
      value: EnemySceleton1 (12)
      objectReference: {fileID: 0}
    - target: {fileID: 8344206072802340402, guid: f5723f489fbbfe548b13bb36dfb0a57e, type: 3}
      propertyPath: m_LocalPosition.x
      value: 41.61
      objectReference: {fileID: 0}
    - target: {fileID: 8344206072802340402, guid: f5723f489fbbfe548b13bb36dfb0a57e, type: 3}
      propertyPath: m_LocalPosition.y
      value: 1
      objectReference: {fileID: 0}
    - target: {fileID: 8344206072802340402, guid: f5723f489fbbfe548b13bb36dfb0a57e, type: 3}
      propertyPath: m_LocalPosition.z
      value: 0
      objectReference: {fileID: 0}
    - target: {fileID: 8344206072802340402, guid: f5723f489fbbfe548b13bb36dfb0a57e, type: 3}
      propertyPath: m_LocalRotation.w
      value: 0.6921296
      objectReference: {fileID: 0}
    - target: {fileID: 8344206072802340402, guid: f5723f489fbbfe548b13bb36dfb0a57e, type: 3}
      propertyPath: m_LocalRotation.x
      value: -0
      objectReference: {fileID: 0}
    - target: {fileID: 8344206072802340402, guid: f5723f489fbbfe548b13bb36dfb0a57e, type: 3}
      propertyPath: m_LocalRotation.y
      value: -0.7217733
      objectReference: {fileID: 0}
    - target: {fileID: 8344206072802340402, guid: f5723f489fbbfe548b13bb36dfb0a57e, type: 3}
      propertyPath: m_LocalRotation.z
      value: -0
      objectReference: {fileID: 0}
    - target: {fileID: 8344206072802340402, guid: f5723f489fbbfe548b13bb36dfb0a57e, type: 3}
      propertyPath: m_LocalEulerAnglesHint.x
      value: 0
      objectReference: {fileID: 0}
    - target: {fileID: 8344206072802340402, guid: f5723f489fbbfe548b13bb36dfb0a57e, type: 3}
      propertyPath: m_LocalEulerAnglesHint.y
      value: -92.402
      objectReference: {fileID: 0}
    - target: {fileID: 8344206072802340402, guid: f5723f489fbbfe548b13bb36dfb0a57e, type: 3}
      propertyPath: m_LocalEulerAnglesHint.z
      value: 0
      objectReference: {fileID: 0}
    m_RemovedComponents: []
    m_RemovedGameObjects: []
    m_AddedGameObjects: []
    m_AddedComponents: []
  m_SourcePrefab: {fileID: 100100000, guid: f5723f489fbbfe548b13bb36dfb0a57e, type: 3}
--- !u!4 &253639700630804774 stripped
Transform:
  m_CorrespondingSourceObject: {fileID: 8344206072802340402, guid: f5723f489fbbfe548b13bb36dfb0a57e, type: 3}
  m_PrefabInstance: {fileID: 8091148565759620884}
  m_PrefabAsset: {fileID: 0}
--- !u!1001 &8406864490245157860
PrefabInstance:
  m_ObjectHideFlags: 0
  serializedVersion: 2
  m_Modification:
    serializedVersion: 3
    m_TransformParent: {fileID: 2343443742321495000}
    m_Modifications:
    - target: {fileID: 676733950786243087, guid: 5c629fe2dd9d5e643b3788d6e534e0d6, type: 3}
      propertyPath: m_Name
      value: Coin (17)
      objectReference: {fileID: 0}
    - target: {fileID: 3758551626081583316, guid: 5c629fe2dd9d5e643b3788d6e534e0d6, type: 3}
      propertyPath: m_LocalPosition.x
      value: 28.44
      objectReference: {fileID: 0}
    - target: {fileID: 3758551626081583316, guid: 5c629fe2dd9d5e643b3788d6e534e0d6, type: 3}
      propertyPath: m_LocalPosition.y
      value: 1
      objectReference: {fileID: 0}
    - target: {fileID: 3758551626081583316, guid: 5c629fe2dd9d5e643b3788d6e534e0d6, type: 3}
      propertyPath: m_LocalPosition.z
      value: -0.76
      objectReference: {fileID: 0}
    - target: {fileID: 3758551626081583316, guid: 5c629fe2dd9d5e643b3788d6e534e0d6, type: 3}
      propertyPath: m_LocalRotation.w
      value: 1
      objectReference: {fileID: 0}
    - target: {fileID: 3758551626081583316, guid: 5c629fe2dd9d5e643b3788d6e534e0d6, type: 3}
      propertyPath: m_LocalRotation.x
      value: -0
      objectReference: {fileID: 0}
    - target: {fileID: 3758551626081583316, guid: 5c629fe2dd9d5e643b3788d6e534e0d6, type: 3}
      propertyPath: m_LocalRotation.y
      value: -0
      objectReference: {fileID: 0}
    - target: {fileID: 3758551626081583316, guid: 5c629fe2dd9d5e643b3788d6e534e0d6, type: 3}
      propertyPath: m_LocalRotation.z
      value: -0
      objectReference: {fileID: 0}
    - target: {fileID: 3758551626081583316, guid: 5c629fe2dd9d5e643b3788d6e534e0d6, type: 3}
      propertyPath: m_LocalEulerAnglesHint.x
      value: 0
      objectReference: {fileID: 0}
    - target: {fileID: 3758551626081583316, guid: 5c629fe2dd9d5e643b3788d6e534e0d6, type: 3}
      propertyPath: m_LocalEulerAnglesHint.y
      value: 0
      objectReference: {fileID: 0}
    - target: {fileID: 3758551626081583316, guid: 5c629fe2dd9d5e643b3788d6e534e0d6, type: 3}
      propertyPath: m_LocalEulerAnglesHint.z
      value: 0
      objectReference: {fileID: 0}
    m_RemovedComponents: []
    m_RemovedGameObjects: []
    m_AddedGameObjects: []
    m_AddedComponents: []
  m_SourcePrefab: {fileID: 100100000, guid: 5c629fe2dd9d5e643b3788d6e534e0d6, type: 3}
--- !u!4 &4648313482639782704 stripped
Transform:
  m_CorrespondingSourceObject: {fileID: 3758551626081583316, guid: 5c629fe2dd9d5e643b3788d6e534e0d6, type: 3}
  m_PrefabInstance: {fileID: 8406864490245157860}
  m_PrefabAsset: {fileID: 0}
--- !u!1001 &8670880254233652975
PrefabInstance:
  m_ObjectHideFlags: 0
  serializedVersion: 2
  m_Modification:
    serializedVersion: 3
    m_TransformParent: {fileID: 2343443742321495000}
    m_Modifications:
    - target: {fileID: 7990286168661085627, guid: f5723f489fbbfe548b13bb36dfb0a57e, type: 3}
      propertyPath: m_Name
      value: EnemySceleton1 (6)
      objectReference: {fileID: 0}
    - target: {fileID: 8344206072802340402, guid: f5723f489fbbfe548b13bb36dfb0a57e, type: 3}
      propertyPath: m_LocalPosition.x
      value: 41.640003
      objectReference: {fileID: 0}
    - target: {fileID: 8344206072802340402, guid: f5723f489fbbfe548b13bb36dfb0a57e, type: 3}
      propertyPath: m_LocalPosition.y
      value: 1
      objectReference: {fileID: 0}
    - target: {fileID: 8344206072802340402, guid: f5723f489fbbfe548b13bb36dfb0a57e, type: 3}
      propertyPath: m_LocalPosition.z
      value: -2
      objectReference: {fileID: 0}
    - target: {fileID: 8344206072802340402, guid: f5723f489fbbfe548b13bb36dfb0a57e, type: 3}
      propertyPath: m_LocalRotation.w
      value: 0.6921296
      objectReference: {fileID: 0}
    - target: {fileID: 8344206072802340402, guid: f5723f489fbbfe548b13bb36dfb0a57e, type: 3}
      propertyPath: m_LocalRotation.x
      value: -0
      objectReference: {fileID: 0}
    - target: {fileID: 8344206072802340402, guid: f5723f489fbbfe548b13bb36dfb0a57e, type: 3}
      propertyPath: m_LocalRotation.y
      value: -0.7217733
      objectReference: {fileID: 0}
    - target: {fileID: 8344206072802340402, guid: f5723f489fbbfe548b13bb36dfb0a57e, type: 3}
      propertyPath: m_LocalRotation.z
      value: -0
      objectReference: {fileID: 0}
    - target: {fileID: 8344206072802340402, guid: f5723f489fbbfe548b13bb36dfb0a57e, type: 3}
      propertyPath: m_LocalEulerAnglesHint.x
      value: 0
      objectReference: {fileID: 0}
    - target: {fileID: 8344206072802340402, guid: f5723f489fbbfe548b13bb36dfb0a57e, type: 3}
      propertyPath: m_LocalEulerAnglesHint.y
      value: -92.402
      objectReference: {fileID: 0}
    - target: {fileID: 8344206072802340402, guid: f5723f489fbbfe548b13bb36dfb0a57e, type: 3}
      propertyPath: m_LocalEulerAnglesHint.z
      value: 0
      objectReference: {fileID: 0}
    m_RemovedComponents: []
    m_RemovedGameObjects: []
    m_AddedGameObjects: []
    m_AddedComponents: []
  m_SourcePrefab: {fileID: 100100000, guid: f5723f489fbbfe548b13bb36dfb0a57e, type: 3}
--- !u!4 &835897736783053021 stripped
Transform:
  m_CorrespondingSourceObject: {fileID: 8344206072802340402, guid: f5723f489fbbfe548b13bb36dfb0a57e, type: 3}
  m_PrefabInstance: {fileID: 8670880254233652975}
  m_PrefabAsset: {fileID: 0}
