%YAML 1.1
%TAG !u! tag:unity3d.com,2011:
--- !u!1 &1334169411807243771
GameObject:
  m_ObjectHideFlags: 0
  m_CorrespondingSourceObject: {fileID: 0}
  m_PrefabInstance: {fileID: 0}
  m_PrefabAsset: {fileID: 0}
  serializedVersion: 6
  m_Component:
  - component: {fileID: 4709295869954227530}
  - component: {fileID: 269076257947639639}
  - component: {fileID: 4865389096158879501}
  - component: {fileID: 4496669078157692751}
  m_Layer: 0
  m_Name: Cube
  m_TagString: Untagged
  m_Icon: {fileID: 0}
  m_NavMeshLayer: 0
  m_StaticEditorFlags: 0
  m_IsActive: 1
--- !u!4 &4709295869954227530
Transform:
  m_ObjectHideFlags: 0
  m_CorrespondingSourceObject: {fileID: 0}
  m_PrefabInstance: {fileID: 0}
  m_PrefabAsset: {fileID: 0}
  m_GameObject: {fileID: 1334169411807243771}
  serializedVersion: 2
  m_LocalRotation: {x: 0, y: 0, z: 0, w: 1}
  m_LocalPosition: {x: 0, y: 0, z: 0}
  m_LocalScale: {x: 100, y: 1, z: 10}
  m_ConstrainProportionsScale: 0
  m_Children: []
  m_Father: {fileID: 2343443742321495000}
  m_LocalEulerAnglesHint: {x: 0, y: 0, z: 0}
--- !u!33 &269076257947639639
MeshFilter:
  m_ObjectHideFlags: 0
  m_CorrespondingSourceObject: {fileID: 0}
  m_PrefabInstance: {fileID: 0}
  m_PrefabAsset: {fileID: 0}
  m_GameObject: {fileID: 1334169411807243771}
  m_Mesh: {fileID: 10202, guid: 0000000000000000e000000000000000, type: 0}
--- !u!23 &4865389096158879501
MeshRenderer:
  m_ObjectHideFlags: 0
  m_CorrespondingSourceObject: {fileID: 0}
  m_PrefabInstance: {fileID: 0}
  m_PrefabAsset: {fileID: 0}
  m_GameObject: {fileID: 1334169411807243771}
  m_Enabled: 1
  m_CastShadows: 1
  m_ReceiveShadows: 1
  m_DynamicOccludee: 1
  m_StaticShadowCaster: 0
  m_MotionVectors: 1
  m_LightProbeUsage: 1
  m_ReflectionProbeUsage: 1
  m_RayTracingMode: 2
  m_RayTraceProcedural: 0
  m_RenderingLayerMask: 1
  m_RendererPriority: 0
  m_Materials:
  - {fileID: 2100000, guid: 3cb7850e2f045a2459b41ed436d886f5, type: 2}
  m_StaticBatchInfo:
    firstSubMesh: 0
    subMeshCount: 0
  m_StaticBatchRoot: {fileID: 0}
  m_ProbeAnchor: {fileID: 0}
  m_LightProbeVolumeOverride: {fileID: 0}
  m_ScaleInLightmap: 1
  m_ReceiveGI: 1
  m_PreserveUVs: 0
  m_IgnoreNormalsForChartDetection: 0
  m_ImportantGI: 0
  m_StitchLightmapSeams: 1
  m_SelectedEditorRenderState: 3
  m_MinimumChartSize: 4
  m_AutoUVMaxDistance: 0.5
  m_AutoUVMaxAngle: 89
  m_LightmapParameters: {fileID: 0}
  m_SortingLayerID: 0
  m_SortingLayer: 0
  m_SortingOrder: 0
  m_AdditionalVertexStreams: {fileID: 0}
--- !u!65 &4496669078157692751
BoxCollider:
  m_ObjectHideFlags: 0
  m_CorrespondingSourceObject: {fileID: 0}
  m_PrefabInstance: {fileID: 0}
  m_PrefabAsset: {fileID: 0}
  m_GameObject: {fileID: 1334169411807243771}
  m_Material: {fileID: 0}
  m_IncludeLayers:
    serializedVersion: 2
    m_Bits: 0
  m_ExcludeLayers:
    serializedVersion: 2
    m_Bits: 0
  m_LayerOverridePriority: 0
  m_IsTrigger: 0
  m_ProvidesContacts: 0
  m_Enabled: 1
  serializedVersion: 3
  m_Size: {x: 1, y: 1, z: 1}
  m_Center: {x: 0, y: 0, z: 0}
--- !u!1 &1666253483644287419
GameObject:
  m_ObjectHideFlags: 0
  m_CorrespondingSourceObject: {fileID: 0}
  m_PrefabInstance: {fileID: 0}
  m_PrefabAsset: {fileID: 0}
  serializedVersion: 6
  m_Component:
  - component: {fileID: 6682576476753605179}
  - component: {fileID: 65479906333215147}
  m_Layer: 0
  m_Name: Cube (1)
  m_TagString: Untagged
  m_Icon: {fileID: 0}
  m_NavMeshLayer: 0
  m_StaticEditorFlags: 0
  m_IsActive: 1
--- !u!4 &6682576476753605179
Transform:
  m_ObjectHideFlags: 0
  m_CorrespondingSourceObject: {fileID: 0}
  m_PrefabInstance: {fileID: 0}
  m_PrefabAsset: {fileID: 0}
  m_GameObject: {fileID: 1666253483644287419}
  serializedVersion: 2
  m_LocalRotation: {x: 0, y: 0, z: 0, w: 1}
  m_LocalPosition: {x: -25.82, y: 0, z: 0}
  m_LocalScale: {x: 1, y: 1, z: 1}
  m_ConstrainProportionsScale: 0
  m_Children: []
  m_Father: {fileID: 2343443742321495000}
  m_LocalEulerAnglesHint: {x: 0, y: 0, z: 0}
--- !u!65 &65479906333215147
BoxCollider:
  m_ObjectHideFlags: 0
  m_CorrespondingSourceObject: {fileID: 0}
  m_PrefabInstance: {fileID: 0}
  m_PrefabAsset: {fileID: 0}
  m_GameObject: {fileID: 1666253483644287419}
  m_Material: {fileID: 0}
  m_IncludeLayers:
    serializedVersion: 2
    m_Bits: 0
  m_ExcludeLayers:
    serializedVersion: 2
    m_Bits: 0
  m_LayerOverridePriority: 0
  m_IsTrigger: 1
  m_ProvidesContacts: 0
  m_Enabled: 1
  serializedVersion: 3
  m_Size: {x: 1, y: 5.0789323, z: 11.126103}
  m_Center: {x: 0, y: 2.0394657, z: -0.12048197}
--- !u!1 &4600170373271679162
GameObject:
  m_ObjectHideFlags: 0
  m_CorrespondingSourceObject: {fileID: 0}
  m_PrefabInstance: {fileID: 0}
  m_PrefabAsset: {fileID: 0}
  serializedVersion: 6
  m_Component:
  - component: {fileID: 2343443742321495000}
  - component: {fileID: 800031055378236476}
  m_Layer: 0
  m_Name: Ground
  m_TagString: Ground
  m_Icon: {fileID: 0}
  m_NavMeshLayer: 0
  m_StaticEditorFlags: 0
  m_IsActive: 1
--- !u!4 &2343443742321495000
Transform:
  m_ObjectHideFlags: 0
  m_CorrespondingSourceObject: {fileID: 0}
  m_PrefabInstance: {fileID: 0}
  m_PrefabAsset: {fileID: 0}
  m_GameObject: {fileID: 4600170373271679162}
  serializedVersion: 2
  m_LocalRotation: {x: 0, y: 0, z: 0, w: 1}
  m_LocalPosition: {x: 39.3, y: -0.5, z: 0}
  m_LocalScale: {x: 1, y: 1, z: 1}
  m_ConstrainProportionsScale: 0
  m_Children:
  - {fileID: 4709295869954227530}
  - {fileID: 6682576476753605179}
  - {fileID: 7533372215986397162}
  - {fileID: 7959366172393491982}
  - {fileID: 1994554884256037624}
  - {fileID: 1686160381728558467}
  - {fileID: 6571105046483450273}
  - {fileID: 1485214646269458382}
  - {fileID: 1005457675234962930}
  - {fileID: 4804730569901825753}
  - {fileID: 6502122986858086024}
  - {fileID: 6247452338827495221}
  - {fileID: 8910682467589819951}
  - {fileID: 1856529672324054251}
  - {fileID: 2599764591905010795}
  - {fileID: 5395101613816673262}
  - {fileID: 5906940674422123880}
  m_Father: {fileID: 0}
  m_LocalEulerAnglesHint: {x: 0, y: 0, z: 0}
--- !u!114 &800031055378236476
MonoBehaviour:
  m_ObjectHideFlags: 0
  m_CorrespondingSourceObject: {fileID: 0}
  m_PrefabInstance: {fileID: 0}
  m_PrefabAsset: {fileID: 0}
  m_GameObject: {fileID: 4600170373271679162}
  m_Enabled: 1
  m_EditorHideFlags: 0
  m_Script: {fileID: 11500000, guid: b3cb6089c9b4e5449b0f205c821598f5, type: 3}
  m_Name: 
  m_EditorClassIdentifier: 
  _speed: 10
--- !u!1001 &1170151766754178239
PrefabInstance:
  m_ObjectHideFlags: 0
  serializedVersion: 2
  m_Modification:
    serializedVersion: 3
    m_TransformParent: {fileID: 2343443742321495000}
    m_Modifications:
    - target: {fileID: 676733950786243087, guid: 5c629fe2dd9d5e643b3788d6e534e0d6, type: 3}
      propertyPath: m_Name
      value: Coin (3)
      objectReference: {fileID: 0}
    - target: {fileID: 3758551626081583316, guid: 5c629fe2dd9d5e643b3788d6e534e0d6, type: 3}
      propertyPath: m_LocalPosition.x
      value: 41.87
      objectReference: {fileID: 0}
    - target: {fileID: 3758551626081583316, guid: 5c629fe2dd9d5e643b3788d6e534e0d6, type: 3}
      propertyPath: m_LocalPosition.y
      value: 1
      objectReference: {fileID: 0}
    - target: {fileID: 3758551626081583316, guid: 5c629fe2dd9d5e643b3788d6e534e0d6, type: 3}
      propertyPath: m_LocalPosition.z
      value: -4
      objectReference: {fileID: 0}
    - target: {fileID: 3758551626081583316, guid: 5c629fe2dd9d5e643b3788d6e534e0d6, type: 3}
      propertyPath: m_LocalRotation.w
      value: 1
      objectReference: {fileID: 0}
    - target: {fileID: 3758551626081583316, guid: 5c629fe2dd9d5e643b3788d6e534e0d6, type: 3}
      propertyPath: m_LocalRotation.x
      value: -0
      objectReference: {fileID: 0}
    - target: {fileID: 3758551626081583316, guid: 5c629fe2dd9d5e643b3788d6e534e0d6, type: 3}
      propertyPath: m_LocalRotation.y
      value: -0
      objectReference: {fileID: 0}
    - target: {fileID: 3758551626081583316, guid: 5c629fe2dd9d5e643b3788d6e534e0d6, type: 3}
      propertyPath: m_LocalRotation.z
      value: -0
      objectReference: {fileID: 0}
    - target: {fileID: 3758551626081583316, guid: 5c629fe2dd9d5e643b3788d6e534e0d6, type: 3}
      propertyPath: m_LocalEulerAnglesHint.x
      value: 0
      objectReference: {fileID: 0}
    - target: {fileID: 3758551626081583316, guid: 5c629fe2dd9d5e643b3788d6e534e0d6, type: 3}
      propertyPath: m_LocalEulerAnglesHint.y
      value: 0
      objectReference: {fileID: 0}
    - target: {fileID: 3758551626081583316, guid: 5c629fe2dd9d5e643b3788d6e534e0d6, type: 3}
      propertyPath: m_LocalEulerAnglesHint.z
      value: 0
      objectReference: {fileID: 0}
    m_RemovedComponents: []
    m_RemovedGameObjects: []
    m_AddedGameObjects: []
    m_AddedComponents: []
  m_SourcePrefab: {fileID: 100100000, guid: 5c629fe2dd9d5e643b3788d6e534e0d6, type: 3}
--- !u!4 &2599764591905010795 stripped
Transform:
  m_CorrespondingSourceObject: {fileID: 3758551626081583316, guid: 5c629fe2dd9d5e643b3788d6e534e0d6, type: 3}
  m_PrefabInstance: {fileID: 1170151766754178239}
  m_PrefabAsset: {fileID: 0}
--- !u!1001 &1965672989448008152
PrefabInstance:
  m_ObjectHideFlags: 0
  serializedVersion: 2
  m_Modification:
    serializedVersion: 3
    m_TransformParent: {fileID: 2343443742321495000}
    m_Modifications:
    - target: {fileID: 7990286168661085627, guid: f5723f489fbbfe548b13bb36dfb0a57e, type: 3}
      propertyPath: m_Name
      value: EnemySceleton1
      objectReference: {fileID: 0}
    - target: {fileID: 8344206072802340402, guid: f5723f489fbbfe548b13bb36dfb0a57e, type: 3}
      propertyPath: m_LocalPosition.x
      value: -11.22
      objectReference: {fileID: 0}
    - target: {fileID: 8344206072802340402, guid: f5723f489fbbfe548b13bb36dfb0a57e, type: 3}
      propertyPath: m_LocalPosition.y
      value: 1
      objectReference: {fileID: 0}
    - target: {fileID: 8344206072802340402, guid: f5723f489fbbfe548b13bb36dfb0a57e, type: 3}
      propertyPath: m_LocalPosition.z
      value: 4
      objectReference: {fileID: 0}
    - target: {fileID: 8344206072802340402, guid: f5723f489fbbfe548b13bb36dfb0a57e, type: 3}
      propertyPath: m_LocalRotation.w
      value: 0.6921296
      objectReference: {fileID: 0}
    - target: {fileID: 8344206072802340402, guid: f5723f489fbbfe548b13bb36dfb0a57e, type: 3}
      propertyPath: m_LocalRotation.x
      value: -0
      objectReference: {fileID: 0}
    - target: {fileID: 8344206072802340402, guid: f5723f489fbbfe548b13bb36dfb0a57e, type: 3}
      propertyPath: m_LocalRotation.y
      value: -0.7217733
      objectReference: {fileID: 0}
    - target: {fileID: 8344206072802340402, guid: f5723f489fbbfe548b13bb36dfb0a57e, type: 3}
      propertyPath: m_LocalRotation.z
      value: -0
      objectReference: {fileID: 0}
    - target: {fileID: 8344206072802340402, guid: f5723f489fbbfe548b13bb36dfb0a57e, type: 3}
      propertyPath: m_LocalEulerAnglesHint.x
      value: 0
      objectReference: {fileID: 0}
    - target: {fileID: 8344206072802340402, guid: f5723f489fbbfe548b13bb36dfb0a57e, type: 3}
      propertyPath: m_LocalEulerAnglesHint.y
      value: -92.402
      objectReference: {fileID: 0}
    - target: {fileID: 8344206072802340402, guid: f5723f489fbbfe548b13bb36dfb0a57e, type: 3}
      propertyPath: m_LocalEulerAnglesHint.z
      value: 0
      objectReference: {fileID: 0}
    m_RemovedComponents: []
    m_RemovedGameObjects: []
    m_AddedGameObjects: []
    m_AddedComponents: []
  m_SourcePrefab: {fileID: 100100000, guid: f5723f489fbbfe548b13bb36dfb0a57e, type: 3}
--- !u!4 &7533372215986397162 stripped
Transform:
  m_CorrespondingSourceObject: {fileID: 8344206072802340402, guid: f5723f489fbbfe548b13bb36dfb0a57e, type: 3}
  m_PrefabInstance: {fileID: 1965672989448008152}
  m_PrefabAsset: {fileID: 0}
--- !u!1001 &2141965655628062780
PrefabInstance:
  m_ObjectHideFlags: 0
  serializedVersion: 2
  m_Modification:
    serializedVersion: 3
    m_TransformParent: {fileID: 2343443742321495000}
    m_Modifications:
    - target: {fileID: 7990286168661085627, guid: f5723f489fbbfe548b13bb36dfb0a57e, type: 3}
      propertyPath: m_Name
      value: EnemySceleton1 (1)
      objectReference: {fileID: 0}
    - target: {fileID: 8344206072802340402, guid: f5723f489fbbfe548b13bb36dfb0a57e, type: 3}
      propertyPath: m_LocalPosition.x
      value: -11.220001
      objectReference: {fileID: 0}
    - target: {fileID: 8344206072802340402, guid: f5723f489fbbfe548b13bb36dfb0a57e, type: 3}
      propertyPath: m_LocalPosition.y
      value: 1
      objectReference: {fileID: 0}
    - target: {fileID: 8344206072802340402, guid: f5723f489fbbfe548b13bb36dfb0a57e, type: 3}
      propertyPath: m_LocalPosition.z
      value: 2
      objectReference: {fileID: 0}
    - target: {fileID: 8344206072802340402, guid: f5723f489fbbfe548b13bb36dfb0a57e, type: 3}
      propertyPath: m_LocalRotation.w
      value: 0.6921296
      objectReference: {fileID: 0}
    - target: {fileID: 8344206072802340402, guid: f5723f489fbbfe548b13bb36dfb0a57e, type: 3}
      propertyPath: m_LocalRotation.x
      value: -0
      objectReference: {fileID: 0}
    - target: {fileID: 8344206072802340402, guid: f5723f489fbbfe548b13bb36dfb0a57e, type: 3}
      propertyPath: m_LocalRotation.y
      value: -0.7217733
      objectReference: {fileID: 0}
    - target: {fileID: 8344206072802340402, guid: f5723f489fbbfe548b13bb36dfb0a57e, type: 3}
      propertyPath: m_LocalRotation.z
      value: -0
      objectReference: {fileID: 0}
    - target: {fileID: 8344206072802340402, guid: f5723f489fbbfe548b13bb36dfb0a57e, type: 3}
      propertyPath: m_LocalEulerAnglesHint.x
      value: 0
      objectReference: {fileID: 0}
    - target: {fileID: 8344206072802340402, guid: f5723f489fbbfe548b13bb36dfb0a57e, type: 3}
      propertyPath: m_LocalEulerAnglesHint.y
      value: -92.402
      objectReference: {fileID: 0}
    - target: {fileID: 8344206072802340402, guid: f5723f489fbbfe548b13bb36dfb0a57e, type: 3}
      propertyPath: m_LocalEulerAnglesHint.z
      value: 0
      objectReference: {fileID: 0}
    m_RemovedComponents: []
    m_RemovedGameObjects: []
    m_AddedGameObjects: []
    m_AddedComponents: []
  m_SourcePrefab: {fileID: 100100000, guid: f5723f489fbbfe548b13bb36dfb0a57e, type: 3}
--- !u!4 &7959366172393491982 stripped
Transform:
  m_CorrespondingSourceObject: {fileID: 8344206072802340402, guid: f5723f489fbbfe548b13bb36dfb0a57e, type: 3}
  m_PrefabInstance: {fileID: 2141965655628062780}
  m_PrefabAsset: {fileID: 0}
--- !u!1001 &2953747895903737747
PrefabInstance:
  m_ObjectHideFlags: 0
  serializedVersion: 2
  m_Modification:
    serializedVersion: 3
    m_TransformParent: {fileID: 2343443742321495000}
    m_Modifications:
    - target: {fileID: 7990286168661085627, guid: f5723f489fbbfe548b13bb36dfb0a57e, type: 3}
      propertyPath: m_Name
      value: EnemySceleton1 (6)
      objectReference: {fileID: 0}
    - target: {fileID: 8344206072802340402, guid: f5723f489fbbfe548b13bb36dfb0a57e, type: 3}
      propertyPath: m_LocalPosition.x
      value: 41.640003
      objectReference: {fileID: 0}
    - target: {fileID: 8344206072802340402, guid: f5723f489fbbfe548b13bb36dfb0a57e, type: 3}
      propertyPath: m_LocalPosition.y
      value: 1
      objectReference: {fileID: 0}
    - target: {fileID: 8344206072802340402, guid: f5723f489fbbfe548b13bb36dfb0a57e, type: 3}
      propertyPath: m_LocalPosition.z
      value: -2
      objectReference: {fileID: 0}
    - target: {fileID: 8344206072802340402, guid: f5723f489fbbfe548b13bb36dfb0a57e, type: 3}
      propertyPath: m_LocalRotation.w
      value: 0.6921296
      objectReference: {fileID: 0}
    - target: {fileID: 8344206072802340402, guid: f5723f489fbbfe548b13bb36dfb0a57e, type: 3}
      propertyPath: m_LocalRotation.x
      value: -0
      objectReference: {fileID: 0}
    - target: {fileID: 8344206072802340402, guid: f5723f489fbbfe548b13bb36dfb0a57e, type: 3}
      propertyPath: m_LocalRotation.y
      value: -0.7217733
      objectReference: {fileID: 0}
    - target: {fileID: 8344206072802340402, guid: f5723f489fbbfe548b13bb36dfb0a57e, type: 3}
      propertyPath: m_LocalRotation.z
      value: -0
      objectReference: {fileID: 0}
    - target: {fileID: 8344206072802340402, guid: f5723f489fbbfe548b13bb36dfb0a57e, type: 3}
      propertyPath: m_LocalEulerAnglesHint.x
      value: 0
      objectReference: {fileID: 0}
    - target: {fileID: 8344206072802340402, guid: f5723f489fbbfe548b13bb36dfb0a57e, type: 3}
      propertyPath: m_LocalEulerAnglesHint.y
      value: -92.402
      objectReference: {fileID: 0}
    - target: {fileID: 8344206072802340402, guid: f5723f489fbbfe548b13bb36dfb0a57e, type: 3}
      propertyPath: m_LocalEulerAnglesHint.z
      value: 0
      objectReference: {fileID: 0}
    m_RemovedComponents: []
    m_RemovedGameObjects: []
    m_AddedGameObjects: []
    m_AddedComponents: []
  m_SourcePrefab: {fileID: 100100000, guid: f5723f489fbbfe548b13bb36dfb0a57e, type: 3}
--- !u!4 &6571105046483450273 stripped
Transform:
  m_CorrespondingSourceObject: {fileID: 8344206072802340402, guid: f5723f489fbbfe548b13bb36dfb0a57e, type: 3}
  m_PrefabInstance: {fileID: 2953747895903737747}
  m_PrefabAsset: {fileID: 0}
--- !u!1001 &3022123563866493114
PrefabInstance:
  m_ObjectHideFlags: 0
  serializedVersion: 2
  m_Modification:
    serializedVersion: 3
    m_TransformParent: {fileID: 2343443742321495000}
    m_Modifications:
    - target: {fileID: 7990286168661085627, guid: f5723f489fbbfe548b13bb36dfb0a57e, type: 3}
      propertyPath: m_Name
      value: EnemySceleton1 (5)
      objectReference: {fileID: 0}
    - target: {fileID: 8344206072802340402, guid: f5723f489fbbfe548b13bb36dfb0a57e, type: 3}
      propertyPath: m_LocalPosition.x
      value: 12.220001
      objectReference: {fileID: 0}
    - target: {fileID: 8344206072802340402, guid: f5723f489fbbfe548b13bb36dfb0a57e, type: 3}
      propertyPath: m_LocalPosition.y
      value: 1
      objectReference: {fileID: 0}
    - target: {fileID: 8344206072802340402, guid: f5723f489fbbfe548b13bb36dfb0a57e, type: 3}
      propertyPath: m_LocalPosition.z
      value: 0
      objectReference: {fileID: 0}
    - target: {fileID: 8344206072802340402, guid: f5723f489fbbfe548b13bb36dfb0a57e, type: 3}
      propertyPath: m_LocalRotation.w
      value: 0.6921296
      objectReference: {fileID: 0}
    - target: {fileID: 8344206072802340402, guid: f5723f489fbbfe548b13bb36dfb0a57e, type: 3}
      propertyPath: m_LocalRotation.x
      value: -0
      objectReference: {fileID: 0}
    - target: {fileID: 8344206072802340402, guid: f5723f489fbbfe548b13bb36dfb0a57e, type: 3}
      propertyPath: m_LocalRotation.y
      value: -0.7217733
      objectReference: {fileID: 0}
    - target: {fileID: 8344206072802340402, guid: f5723f489fbbfe548b13bb36dfb0a57e, type: 3}
      propertyPath: m_LocalRotation.z
      value: -0
      objectReference: {fileID: 0}
    - target: {fileID: 8344206072802340402, guid: f5723f489fbbfe548b13bb36dfb0a57e, type: 3}
      propertyPath: m_LocalEulerAnglesHint.x
      value: 0
      objectReference: {fileID: 0}
    - target: {fileID: 8344206072802340402, guid: f5723f489fbbfe548b13bb36dfb0a57e, type: 3}
      propertyPath: m_LocalEulerAnglesHint.y
      value: -92.402
      objectReference: {fileID: 0}
    - target: {fileID: 8344206072802340402, guid: f5723f489fbbfe548b13bb36dfb0a57e, type: 3}
      propertyPath: m_LocalEulerAnglesHint.z
      value: 0
      objectReference: {fileID: 0}
    m_RemovedComponents: []
    m_RemovedGameObjects: []
    m_AddedGameObjects: []
    m_AddedComponents: []
  m_SourcePrefab: {fileID: 100100000, guid: f5723f489fbbfe548b13bb36dfb0a57e, type: 3}
--- !u!4 &6502122986858086024 stripped
Transform:
  m_CorrespondingSourceObject: {fileID: 8344206072802340402, guid: f5723f489fbbfe548b13bb36dfb0a57e, type: 3}
  m_PrefabInstance: {fileID: 3022123563866493114}
  m_PrefabAsset: {fileID: 0}
--- !u!1001 &3308660478633819199
PrefabInstance:
  m_ObjectHideFlags: 0
  serializedVersion: 2
  m_Modification:
    serializedVersion: 3
    m_TransformParent: {fileID: 2343443742321495000}
    m_Modifications:
    - target: {fileID: 676733950786243087, guid: 5c629fe2dd9d5e643b3788d6e534e0d6, type: 3}
      propertyPath: m_Name
      value: Coin (2)
      objectReference: {fileID: 0}
    - target: {fileID: 3758551626081583316, guid: 5c629fe2dd9d5e643b3788d6e534e0d6, type: 3}
      propertyPath: m_LocalPosition.x
      value: 3.04
      objectReference: {fileID: 0}
    - target: {fileID: 3758551626081583316, guid: 5c629fe2dd9d5e643b3788d6e534e0d6, type: 3}
      propertyPath: m_LocalPosition.y
      value: 1
      objectReference: {fileID: 0}
    - target: {fileID: 3758551626081583316, guid: 5c629fe2dd9d5e643b3788d6e534e0d6, type: 3}
      propertyPath: m_LocalPosition.z
      value: 2.26
      objectReference: {fileID: 0}
    - target: {fileID: 3758551626081583316, guid: 5c629fe2dd9d5e643b3788d6e534e0d6, type: 3}
      propertyPath: m_LocalRotation.w
      value: 1
      objectReference: {fileID: 0}
    - target: {fileID: 3758551626081583316, guid: 5c629fe2dd9d5e643b3788d6e534e0d6, type: 3}
      propertyPath: m_LocalRotation.x
      value: -0
      objectReference: {fileID: 0}
    - target: {fileID: 3758551626081583316, guid: 5c629fe2dd9d5e643b3788d6e534e0d6, type: 3}
      propertyPath: m_LocalRotation.y
      value: -0
      objectReference: {fileID: 0}
    - target: {fileID: 3758551626081583316, guid: 5c629fe2dd9d5e643b3788d6e534e0d6, type: 3}
      propertyPath: m_LocalRotation.z
      value: -0
      objectReference: {fileID: 0}
    - target: {fileID: 3758551626081583316, guid: 5c629fe2dd9d5e643b3788d6e534e0d6, type: 3}
      propertyPath: m_LocalEulerAnglesHint.x
      value: 0
      objectReference: {fileID: 0}
    - target: {fileID: 3758551626081583316, guid: 5c629fe2dd9d5e643b3788d6e534e0d6, type: 3}
      propertyPath: m_LocalEulerAnglesHint.y
      value: 0
      objectReference: {fileID: 0}
    - target: {fileID: 3758551626081583316, guid: 5c629fe2dd9d5e643b3788d6e534e0d6, type: 3}
      propertyPath: m_LocalEulerAnglesHint.z
      value: 0
      objectReference: {fileID: 0}
    m_RemovedComponents: []
    m_RemovedGameObjects: []
    m_AddedGameObjects: []
    m_AddedComponents: []
  m_SourcePrefab: {fileID: 100100000, guid: 5c629fe2dd9d5e643b3788d6e534e0d6, type: 3}
--- !u!4 &1856529672324054251 stripped
Transform:
  m_CorrespondingSourceObject: {fileID: 3758551626081583316, guid: 5c629fe2dd9d5e643b3788d6e534e0d6, type: 3}
  m_PrefabInstance: {fileID: 3308660478633819199}
  m_PrefabAsset: {fileID: 0}
--- !u!1001 &3558204111805427947
PrefabInstance:
  m_ObjectHideFlags: 0
  serializedVersion: 2
  m_Modification:
    serializedVersion: 3
    m_TransformParent: {fileID: 2343443742321495000}
    m_Modifications:
    - target: {fileID: 7990286168661085627, guid: f5723f489fbbfe548b13bb36dfb0a57e, type: 3}
      propertyPath: m_Name
      value: EnemySceleton1 (4)
      objectReference: {fileID: 0}
    - target: {fileID: 8344206072802340402, guid: f5723f489fbbfe548b13bb36dfb0a57e, type: 3}
      propertyPath: m_LocalPosition.x
      value: 12.220001
      objectReference: {fileID: 0}
    - target: {fileID: 8344206072802340402, guid: f5723f489fbbfe548b13bb36dfb0a57e, type: 3}
      propertyPath: m_LocalPosition.y
      value: 1
      objectReference: {fileID: 0}
    - target: {fileID: 8344206072802340402, guid: f5723f489fbbfe548b13bb36dfb0a57e, type: 3}
      propertyPath: m_LocalPosition.z
      value: -2
      objectReference: {fileID: 0}
    - target: {fileID: 8344206072802340402, guid: f5723f489fbbfe548b13bb36dfb0a57e, type: 3}
      propertyPath: m_LocalRotation.w
      value: 0.6921296
      objectReference: {fileID: 0}
    - target: {fileID: 8344206072802340402, guid: f5723f489fbbfe548b13bb36dfb0a57e, type: 3}
      propertyPath: m_LocalRotation.x
      value: -0
      objectReference: {fileID: 0}
    - target: {fileID: 8344206072802340402, guid: f5723f489fbbfe548b13bb36dfb0a57e, type: 3}
      propertyPath: m_LocalRotation.y
      value: -0.7217733
      objectReference: {fileID: 0}
    - target: {fileID: 8344206072802340402, guid: f5723f489fbbfe548b13bb36dfb0a57e, type: 3}
      propertyPath: m_LocalRotation.z
      value: -0
      objectReference: {fileID: 0}
    - target: {fileID: 8344206072802340402, guid: f5723f489fbbfe548b13bb36dfb0a57e, type: 3}
      propertyPath: m_LocalEulerAnglesHint.x
      value: 0
      objectReference: {fileID: 0}
    - target: {fileID: 8344206072802340402, guid: f5723f489fbbfe548b13bb36dfb0a57e, type: 3}
      propertyPath: m_LocalEulerAnglesHint.y
      value: -92.402
      objectReference: {fileID: 0}
    - target: {fileID: 8344206072802340402, guid: f5723f489fbbfe548b13bb36dfb0a57e, type: 3}
      propertyPath: m_LocalEulerAnglesHint.z
      value: 0
      objectReference: {fileID: 0}
    m_RemovedComponents: []
    m_RemovedGameObjects: []
    m_AddedGameObjects: []
    m_AddedComponents: []
  m_SourcePrefab: {fileID: 100100000, guid: f5723f489fbbfe548b13bb36dfb0a57e, type: 3}
--- !u!4 &4804730569901825753 stripped
Transform:
  m_CorrespondingSourceObject: {fileID: 8344206072802340402, guid: f5723f489fbbfe548b13bb36dfb0a57e, type: 3}
  m_PrefabInstance: {fileID: 3558204111805427947}
  m_PrefabAsset: {fileID: 0}
--- !u!1001 &5728601489819127547
PrefabInstance:
  m_ObjectHideFlags: 0
  serializedVersion: 2
  m_Modification:
    serializedVersion: 3
    m_TransformParent: {fileID: 2343443742321495000}
    m_Modifications:
    - target: {fileID: 676733950786243087, guid: 5c629fe2dd9d5e643b3788d6e534e0d6, type: 3}
      propertyPath: m_Name
      value: Coin (1)
      objectReference: {fileID: 0}
    - target: {fileID: 3758551626081583316, guid: 5c629fe2dd9d5e643b3788d6e534e0d6, type: 3}
      propertyPath: m_LocalPosition.x
      value: -3.78
      objectReference: {fileID: 0}
    - target: {fileID: 3758551626081583316, guid: 5c629fe2dd9d5e643b3788d6e534e0d6, type: 3}
      propertyPath: m_LocalPosition.y
      value: 1
      objectReference: {fileID: 0}
    - target: {fileID: 3758551626081583316, guid: 5c629fe2dd9d5e643b3788d6e534e0d6, type: 3}
      propertyPath: m_LocalPosition.z
      value: 0.37
      objectReference: {fileID: 0}
    - target: {fileID: 3758551626081583316, guid: 5c629fe2dd9d5e643b3788d6e534e0d6, type: 3}
      propertyPath: m_LocalRotation.w
      value: 1
      objectReference: {fileID: 0}
    - target: {fileID: 3758551626081583316, guid: 5c629fe2dd9d5e643b3788d6e534e0d6, type: 3}
      propertyPath: m_LocalRotation.x
      value: -0
      objectReference: {fileID: 0}
    - target: {fileID: 3758551626081583316, guid: 5c629fe2dd9d5e643b3788d6e534e0d6, type: 3}
      propertyPath: m_LocalRotation.y
      value: -0
      objectReference: {fileID: 0}
    - target: {fileID: 3758551626081583316, guid: 5c629fe2dd9d5e643b3788d6e534e0d6, type: 3}
      propertyPath: m_LocalRotation.z
      value: -0
      objectReference: {fileID: 0}
    - target: {fileID: 3758551626081583316, guid: 5c629fe2dd9d5e643b3788d6e534e0d6, type: 3}
      propertyPath: m_LocalEulerAnglesHint.x
      value: 0
      objectReference: {fileID: 0}
    - target: {fileID: 3758551626081583316, guid: 5c629fe2dd9d5e643b3788d6e534e0d6, type: 3}
      propertyPath: m_LocalEulerAnglesHint.y
      value: 0
      objectReference: {fileID: 0}
    - target: {fileID: 3758551626081583316, guid: 5c629fe2dd9d5e643b3788d6e534e0d6, type: 3}
      propertyPath: m_LocalEulerAnglesHint.z
      value: 0
      objectReference: {fileID: 0}
    m_RemovedComponents: []
    m_RemovedGameObjects: []
    m_AddedGameObjects: []
    m_AddedComponents: []
  m_SourcePrefab: {fileID: 100100000, guid: 5c629fe2dd9d5e643b3788d6e534e0d6, type: 3}
--- !u!4 &8910682467589819951 stripped
Transform:
  m_CorrespondingSourceObject: {fileID: 3758551626081583316, guid: 5c629fe2dd9d5e643b3788d6e534e0d6, type: 3}
  m_PrefabInstance: {fileID: 5728601489819127547}
  m_PrefabAsset: {fileID: 0}
--- !u!1001 &7105103544267589601
PrefabInstance:
  m_ObjectHideFlags: 0
  serializedVersion: 2
  m_Modification:
    serializedVersion: 3
    m_TransformParent: {fileID: 2343443742321495000}
    m_Modifications:
    - target: {fileID: 676733950786243087, guid: 5c629fe2dd9d5e643b3788d6e534e0d6, type: 3}
      propertyPath: m_Name
      value: Coin
      objectReference: {fileID: 0}
    - target: {fileID: 3758551626081583316, guid: 5c629fe2dd9d5e643b3788d6e534e0d6, type: 3}
      propertyPath: m_LocalPosition.x
      value: -7.0244865
      objectReference: {fileID: 0}
    - target: {fileID: 3758551626081583316, guid: 5c629fe2dd9d5e643b3788d6e534e0d6, type: 3}
      propertyPath: m_LocalPosition.y
      value: 1
      objectReference: {fileID: 0}
    - target: {fileID: 3758551626081583316, guid: 5c629fe2dd9d5e643b3788d6e534e0d6, type: 3}
      propertyPath: m_LocalPosition.z
      value: -2
      objectReference: {fileID: 0}
    - target: {fileID: 3758551626081583316, guid: 5c629fe2dd9d5e643b3788d6e534e0d6, type: 3}
      propertyPath: m_LocalRotation.w
      value: 1
      objectReference: {fileID: 0}
    - target: {fileID: 3758551626081583316, guid: 5c629fe2dd9d5e643b3788d6e534e0d6, type: 3}
      propertyPath: m_LocalRotation.x
      value: -0
      objectReference: {fileID: 0}
    - target: {fileID: 3758551626081583316, guid: 5c629fe2dd9d5e643b3788d6e534e0d6, type: 3}
      propertyPath: m_LocalRotation.y
      value: -0
      objectReference: {fileID: 0}
    - target: {fileID: 3758551626081583316, guid: 5c629fe2dd9d5e643b3788d6e534e0d6, type: 3}
      propertyPath: m_LocalRotation.z
      value: -0
      objectReference: {fileID: 0}
    - target: {fileID: 3758551626081583316, guid: 5c629fe2dd9d5e643b3788d6e534e0d6, type: 3}
      propertyPath: m_LocalEulerAnglesHint.x
      value: 0
      objectReference: {fileID: 0}
    - target: {fileID: 3758551626081583316, guid: 5c629fe2dd9d5e643b3788d6e534e0d6, type: 3}
      propertyPath: m_LocalEulerAnglesHint.y
      value: 0
      objectReference: {fileID: 0}
    - target: {fileID: 3758551626081583316, guid: 5c629fe2dd9d5e643b3788d6e534e0d6, type: 3}
      propertyPath: m_LocalEulerAnglesHint.z
      value: 0
      objectReference: {fileID: 0}
    m_RemovedComponents: []
    m_RemovedGameObjects: []
    m_AddedGameObjects: []
    m_AddedComponents: []
  m_SourcePrefab: {fileID: 100100000, guid: 5c629fe2dd9d5e643b3788d6e534e0d6, type: 3}
--- !u!4 &6247452338827495221 stripped
Transform:
  m_CorrespondingSourceObject: {fileID: 3758551626081583316, guid: 5c629fe2dd9d5e643b3788d6e534e0d6, type: 3}
  m_PrefabInstance: {fileID: 7105103544267589601}
  m_PrefabAsset: {fileID: 0}
--- !u!1001 &7253859568471434161
PrefabInstance:
  m_ObjectHideFlags: 0
  serializedVersion: 2
  m_Modification:
    serializedVersion: 3
    m_TransformParent: {fileID: 2343443742321495000}
    m_Modifications:
    - target: {fileID: 7990286168661085627, guid: f5723f489fbbfe548b13bb36dfb0a57e, type: 3}
      propertyPath: m_Name
      value: EnemySceleton1 (3)
      objectReference: {fileID: 0}
    - target: {fileID: 8344206072802340402, guid: f5723f489fbbfe548b13bb36dfb0a57e, type: 3}
      propertyPath: m_LocalPosition.x
      value: 12.25
      objectReference: {fileID: 0}
    - target: {fileID: 8344206072802340402, guid: f5723f489fbbfe548b13bb36dfb0a57e, type: 3}
      propertyPath: m_LocalPosition.y
      value: 1
      objectReference: {fileID: 0}
    - target: {fileID: 8344206072802340402, guid: f5723f489fbbfe548b13bb36dfb0a57e, type: 3}
      propertyPath: m_LocalPosition.z
      value: -4
      objectReference: {fileID: 0}
    - target: {fileID: 8344206072802340402, guid: f5723f489fbbfe548b13bb36dfb0a57e, type: 3}
      propertyPath: m_LocalRotation.w
      value: 0.6921296
      objectReference: {fileID: 0}
    - target: {fileID: 8344206072802340402, guid: f5723f489fbbfe548b13bb36dfb0a57e, type: 3}
      propertyPath: m_LocalRotation.x
      value: -0
      objectReference: {fileID: 0}
    - target: {fileID: 8344206072802340402, guid: f5723f489fbbfe548b13bb36dfb0a57e, type: 3}
      propertyPath: m_LocalRotation.y
      value: -0.7217733
      objectReference: {fileID: 0}
    - target: {fileID: 8344206072802340402, guid: f5723f489fbbfe548b13bb36dfb0a57e, type: 3}
      propertyPath: m_LocalRotation.z
      value: -0
      objectReference: {fileID: 0}
    - target: {fileID: 8344206072802340402, guid: f5723f489fbbfe548b13bb36dfb0a57e, type: 3}
      propertyPath: m_LocalEulerAnglesHint.x
      value: 0
      objectReference: {fileID: 0}
    - target: {fileID: 8344206072802340402, guid: f5723f489fbbfe548b13bb36dfb0a57e, type: 3}
      propertyPath: m_LocalEulerAnglesHint.y
      value: -92.402
      objectReference: {fileID: 0}
    - target: {fileID: 8344206072802340402, guid: f5723f489fbbfe548b13bb36dfb0a57e, type: 3}
      propertyPath: m_LocalEulerAnglesHint.z
      value: 0
      objectReference: {fileID: 0}
    m_RemovedComponents: []
    m_RemovedGameObjects: []
    m_AddedGameObjects: []
    m_AddedComponents: []
  m_SourcePrefab: {fileID: 100100000, guid: f5723f489fbbfe548b13bb36dfb0a57e, type: 3}
--- !u!4 &1686160381728558467 stripped
Transform:
  m_CorrespondingSourceObject: {fileID: 8344206072802340402, guid: f5723f489fbbfe548b13bb36dfb0a57e, type: 3}
  m_PrefabInstance: {fileID: 7253859568471434161}
  m_PrefabAsset: {fileID: 0}
--- !u!1001 &7336546264918781372
PrefabInstance:
  m_ObjectHideFlags: 0
  serializedVersion: 2
  m_Modification:
    serializedVersion: 3
    m_TransformParent: {fileID: 2343443742321495000}
    m_Modifications:
    - target: {fileID: 676733950786243087, guid: 5c629fe2dd9d5e643b3788d6e534e0d6, type: 3}
      propertyPath: m_Name
      value: Coin (5)
      objectReference: {fileID: 0}
    - target: {fileID: 3758551626081583316, guid: 5c629fe2dd9d5e643b3788d6e534e0d6, type: 3}
      propertyPath: m_LocalPosition.x
      value: 41.81
      objectReference: {fileID: 0}
    - target: {fileID: 3758551626081583316, guid: 5c629fe2dd9d5e643b3788d6e534e0d6, type: 3}
      propertyPath: m_LocalPosition.y
      value: 1
      objectReference: {fileID: 0}
    - target: {fileID: 3758551626081583316, guid: 5c629fe2dd9d5e643b3788d6e534e0d6, type: 3}
      propertyPath: m_LocalPosition.z
      value: 4
      objectReference: {fileID: 0}
    - target: {fileID: 3758551626081583316, guid: 5c629fe2dd9d5e643b3788d6e534e0d6, type: 3}
      propertyPath: m_LocalRotation.w
      value: 1
      objectReference: {fileID: 0}
    - target: {fileID: 3758551626081583316, guid: 5c629fe2dd9d5e643b3788d6e534e0d6, type: 3}
      propertyPath: m_LocalRotation.x
      value: -0
      objectReference: {fileID: 0}
    - target: {fileID: 3758551626081583316, guid: 5c629fe2dd9d5e643b3788d6e534e0d6, type: 3}
      propertyPath: m_LocalRotation.y
      value: -0
      objectReference: {fileID: 0}
    - target: {fileID: 3758551626081583316, guid: 5c629fe2dd9d5e643b3788d6e534e0d6, type: 3}
      propertyPath: m_LocalRotation.z
      value: -0
      objectReference: {fileID: 0}
    - target: {fileID: 3758551626081583316, guid: 5c629fe2dd9d5e643b3788d6e534e0d6, type: 3}
      propertyPath: m_LocalEulerAnglesHint.x
      value: 0
      objectReference: {fileID: 0}
    - target: {fileID: 3758551626081583316, guid: 5c629fe2dd9d5e643b3788d6e534e0d6, type: 3}
      propertyPath: m_LocalEulerAnglesHint.y
      value: 0
      objectReference: {fileID: 0}
    - target: {fileID: 3758551626081583316, guid: 5c629fe2dd9d5e643b3788d6e534e0d6, type: 3}
      propertyPath: m_LocalEulerAnglesHint.z
      value: 0
      objectReference: {fileID: 0}
    m_RemovedComponents: []
    m_RemovedGameObjects: []
    m_AddedGameObjects: []
    m_AddedComponents: []
  m_SourcePrefab: {fileID: 100100000, guid: 5c629fe2dd9d5e643b3788d6e534e0d6, type: 3}
--- !u!4 &5906940674422123880 stripped
Transform:
  m_CorrespondingSourceObject: {fileID: 3758551626081583316, guid: 5c629fe2dd9d5e643b3788d6e534e0d6, type: 3}
  m_PrefabInstance: {fileID: 7336546264918781372}
  m_PrefabAsset: {fileID: 0}
--- !u!1001 &7444478688534682108
PrefabInstance:
  m_ObjectHideFlags: 0
  serializedVersion: 2
  m_Modification:
    serializedVersion: 3
    m_TransformParent: {fileID: 2343443742321495000}
    m_Modifications:
    - target: {fileID: 7990286168661085627, guid: f5723f489fbbfe548b13bb36dfb0a57e, type: 3}
      propertyPath: m_Name
      value: EnemySceleton1 (7)
      objectReference: {fileID: 0}
    - target: {fileID: 8344206072802340402, guid: f5723f489fbbfe548b13bb36dfb0a57e, type: 3}
      propertyPath: m_LocalPosition.x
      value: 41.61
      objectReference: {fileID: 0}
    - target: {fileID: 8344206072802340402, guid: f5723f489fbbfe548b13bb36dfb0a57e, type: 3}
      propertyPath: m_LocalPosition.y
      value: 1
      objectReference: {fileID: 0}
    - target: {fileID: 8344206072802340402, guid: f5723f489fbbfe548b13bb36dfb0a57e, type: 3}
      propertyPath: m_LocalPosition.z
      value: 0
      objectReference: {fileID: 0}
    - target: {fileID: 8344206072802340402, guid: f5723f489fbbfe548b13bb36dfb0a57e, type: 3}
      propertyPath: m_LocalRotation.w
      value: 0.6921296
      objectReference: {fileID: 0}
    - target: {fileID: 8344206072802340402, guid: f5723f489fbbfe548b13bb36dfb0a57e, type: 3}
      propertyPath: m_LocalRotation.x
      value: -0
      objectReference: {fileID: 0}
    - target: {fileID: 8344206072802340402, guid: f5723f489fbbfe548b13bb36dfb0a57e, type: 3}
      propertyPath: m_LocalRotation.y
      value: -0.7217733
      objectReference: {fileID: 0}
    - target: {fileID: 8344206072802340402, guid: f5723f489fbbfe548b13bb36dfb0a57e, type: 3}
      propertyPath: m_LocalRotation.z
      value: -0
      objectReference: {fileID: 0}
    - target: {fileID: 8344206072802340402, guid: f5723f489fbbfe548b13bb36dfb0a57e, type: 3}
      propertyPath: m_LocalEulerAnglesHint.x
      value: 0
      objectReference: {fileID: 0}
    - target: {fileID: 8344206072802340402, guid: f5723f489fbbfe548b13bb36dfb0a57e, type: 3}
      propertyPath: m_LocalEulerAnglesHint.y
      value: -92.402
      objectReference: {fileID: 0}
    - target: {fileID: 8344206072802340402, guid: f5723f489fbbfe548b13bb36dfb0a57e, type: 3}
      propertyPath: m_LocalEulerAnglesHint.z
      value: 0
      objectReference: {fileID: 0}
    m_RemovedComponents: []
    m_RemovedGameObjects: []
    m_AddedGameObjects: []
    m_AddedComponents: []
  m_SourcePrefab: {fileID: 100100000, guid: f5723f489fbbfe548b13bb36dfb0a57e, type: 3}
--- !u!4 &1485214646269458382 stripped
Transform:
  m_CorrespondingSourceObject: {fileID: 8344206072802340402, guid: f5723f489fbbfe548b13bb36dfb0a57e, type: 3}
  m_PrefabInstance: {fileID: 7444478688534682108}
  m_PrefabAsset: {fileID: 0}
--- !u!1001 &7521721865007764682
PrefabInstance:
  m_ObjectHideFlags: 0
  serializedVersion: 2
  m_Modification:
    serializedVersion: 3
    m_TransformParent: {fileID: 2343443742321495000}
    m_Modifications:
    - target: {fileID: 7990286168661085627, guid: f5723f489fbbfe548b13bb36dfb0a57e, type: 3}
      propertyPath: m_Name
      value: EnemySceleton1 (2)
      objectReference: {fileID: 0}
    - target: {fileID: 8344206072802340402, guid: f5723f489fbbfe548b13bb36dfb0a57e, type: 3}
      propertyPath: m_LocalPosition.x
      value: -11.220001
      objectReference: {fileID: 0}
    - target: {fileID: 8344206072802340402, guid: f5723f489fbbfe548b13bb36dfb0a57e, type: 3}
      propertyPath: m_LocalPosition.y
      value: 1
      objectReference: {fileID: 0}
    - target: {fileID: 8344206072802340402, guid: f5723f489fbbfe548b13bb36dfb0a57e, type: 3}
      propertyPath: m_LocalPosition.z
      value: 0
      objectReference: {fileID: 0}
    - target: {fileID: 8344206072802340402, guid: f5723f489fbbfe548b13bb36dfb0a57e, type: 3}
      propertyPath: m_LocalRotation.w
      value: 0.6921296
      objectReference: {fileID: 0}
    - target: {fileID: 8344206072802340402, guid: f5723f489fbbfe548b13bb36dfb0a57e, type: 3}
      propertyPath: m_LocalRotation.x
      value: -0
      objectReference: {fileID: 0}
    - target: {fileID: 8344206072802340402, guid: f5723f489fbbfe548b13bb36dfb0a57e, type: 3}
      propertyPath: m_LocalRotation.y
      value: -0.7217733
      objectReference: {fileID: 0}
    - target: {fileID: 8344206072802340402, guid: f5723f489fbbfe548b13bb36dfb0a57e, type: 3}
      propertyPath: m_LocalRotation.z
      value: -0
      objectReference: {fileID: 0}
    - target: {fileID: 8344206072802340402, guid: f5723f489fbbfe548b13bb36dfb0a57e, type: 3}
      propertyPath: m_LocalEulerAnglesHint.x
      value: 0
      objectReference: {fileID: 0}
    - target: {fileID: 8344206072802340402, guid: f5723f489fbbfe548b13bb36dfb0a57e, type: 3}
      propertyPath: m_LocalEulerAnglesHint.y
      value: -92.402
      objectReference: {fileID: 0}
    - target: {fileID: 8344206072802340402, guid: f5723f489fbbfe548b13bb36dfb0a57e, type: 3}
      propertyPath: m_LocalEulerAnglesHint.z
      value: 0
      objectReference: {fileID: 0}
    m_RemovedComponents: []
    m_RemovedGameObjects: []
    m_AddedGameObjects: []
    m_AddedComponents: []
  m_SourcePrefab: {fileID: 100100000, guid: f5723f489fbbfe548b13bb36dfb0a57e, type: 3}
--- !u!4 &1994554884256037624 stripped
Transform:
  m_CorrespondingSourceObject: {fileID: 8344206072802340402, guid: f5723f489fbbfe548b13bb36dfb0a57e, type: 3}
  m_PrefabInstance: {fileID: 7521721865007764682}
  m_PrefabAsset: {fileID: 0}
--- !u!1001 &9095170471528989632
PrefabInstance:
  m_ObjectHideFlags: 0
  serializedVersion: 2
  m_Modification:
    serializedVersion: 3
    m_TransformParent: {fileID: 2343443742321495000}
    m_Modifications:
    - target: {fileID: 7990286168661085627, guid: f5723f489fbbfe548b13bb36dfb0a57e, type: 3}
      propertyPath: m_Name
      value: EnemySceleton1 (8)
      objectReference: {fileID: 0}
    - target: {fileID: 8344206072802340402, guid: f5723f489fbbfe548b13bb36dfb0a57e, type: 3}
      propertyPath: m_LocalPosition.x
      value: 41.610004
      objectReference: {fileID: 0}
    - target: {fileID: 8344206072802340402, guid: f5723f489fbbfe548b13bb36dfb0a57e, type: 3}
      propertyPath: m_LocalPosition.y
      value: 1
      objectReference: {fileID: 0}
    - target: {fileID: 8344206072802340402, guid: f5723f489fbbfe548b13bb36dfb0a57e, type: 3}
      propertyPath: m_LocalPosition.z
      value: 2
      objectReference: {fileID: 0}
    - target: {fileID: 8344206072802340402, guid: f5723f489fbbfe548b13bb36dfb0a57e, type: 3}
      propertyPath: m_LocalRotation.w
      value: 0.6921296
      objectReference: {fileID: 0}
    - target: {fileID: 8344206072802340402, guid: f5723f489fbbfe548b13bb36dfb0a57e, type: 3}
      propertyPath: m_LocalRotation.x
      value: -0
      objectReference: {fileID: 0}
    - target: {fileID: 8344206072802340402, guid: f5723f489fbbfe548b13bb36dfb0a57e, type: 3}
      propertyPath: m_LocalRotation.y
      value: -0.7217733
      objectReference: {fileID: 0}
    - target: {fileID: 8344206072802340402, guid: f5723f489fbbfe548b13bb36dfb0a57e, type: 3}
      propertyPath: m_LocalRotation.z
      value: -0
      objectReference: {fileID: 0}
    - target: {fileID: 8344206072802340402, guid: f5723f489fbbfe548b13bb36dfb0a57e, type: 3}
      propertyPath: m_LocalEulerAnglesHint.x
      value: 0
      objectReference: {fileID: 0}
    - target: {fileID: 8344206072802340402, guid: f5723f489fbbfe548b13bb36dfb0a57e, type: 3}
      propertyPath: m_LocalEulerAnglesHint.y
      value: -92.402
      objectReference: {fileID: 0}
    - target: {fileID: 8344206072802340402, guid: f5723f489fbbfe548b13bb36dfb0a57e, type: 3}
      propertyPath: m_LocalEulerAnglesHint.z
      value: 0
      objectReference: {fileID: 0}
    m_RemovedComponents: []
    m_RemovedGameObjects: []
    m_AddedGameObjects: []
    m_AddedComponents: []
  m_SourcePrefab: {fileID: 100100000, guid: f5723f489fbbfe548b13bb36dfb0a57e, type: 3}
--- !u!4 &1005457675234962930 stripped
Transform:
  m_CorrespondingSourceObject: {fileID: 8344206072802340402, guid: f5723f489fbbfe548b13bb36dfb0a57e, type: 3}
  m_PrefabInstance: {fileID: 9095170471528989632}
  m_PrefabAsset: {fileID: 0}
--- !u!1001 &9148586138328544058
PrefabInstance:
  m_ObjectHideFlags: 0
  serializedVersion: 2
  m_Modification:
    serializedVersion: 3
    m_TransformParent: {fileID: 2343443742321495000}
    m_Modifications:
    - target: {fileID: 676733950786243087, guid: 5c629fe2dd9d5e643b3788d6e534e0d6, type: 3}
      propertyPath: m_Name
      value: Coin (4)
      objectReference: {fileID: 0}
    - target: {fileID: 3758551626081583316, guid: 5c629fe2dd9d5e643b3788d6e534e0d6, type: 3}
      propertyPath: m_LocalPosition.x
      value: 22.49
      objectReference: {fileID: 0}
    - target: {fileID: 3758551626081583316, guid: 5c629fe2dd9d5e643b3788d6e534e0d6, type: 3}
      propertyPath: m_LocalPosition.y
      value: 1
      objectReference: {fileID: 0}
    - target: {fileID: 3758551626081583316, guid: 5c629fe2dd9d5e643b3788d6e534e0d6, type: 3}
      propertyPath: m_LocalPosition.z
      value: -0.41
      objectReference: {fileID: 0}
    - target: {fileID: 3758551626081583316, guid: 5c629fe2dd9d5e643b3788d6e534e0d6, type: 3}
      propertyPath: m_LocalRotation.w
      value: 1
      objectReference: {fileID: 0}
    - target: {fileID: 3758551626081583316, guid: 5c629fe2dd9d5e643b3788d6e534e0d6, type: 3}
      propertyPath: m_LocalRotation.x
      value: -0
      objectReference: {fileID: 0}
    - target: {fileID: 3758551626081583316, guid: 5c629fe2dd9d5e643b3788d6e534e0d6, type: 3}
      propertyPath: m_LocalRotation.y
      value: -0
      objectReference: {fileID: 0}
    - target: {fileID: 3758551626081583316, guid: 5c629fe2dd9d5e643b3788d6e534e0d6, type: 3}
      propertyPath: m_LocalRotation.z
      value: -0
      objectReference: {fileID: 0}
    - target: {fileID: 3758551626081583316, guid: 5c629fe2dd9d5e643b3788d6e534e0d6, type: 3}
      propertyPath: m_LocalEulerAnglesHint.x
      value: 0
      objectReference: {fileID: 0}
    - target: {fileID: 3758551626081583316, guid: 5c629fe2dd9d5e643b3788d6e534e0d6, type: 3}
      propertyPath: m_LocalEulerAnglesHint.y
      value: 0
      objectReference: {fileID: 0}
    - target: {fileID: 3758551626081583316, guid: 5c629fe2dd9d5e643b3788d6e534e0d6, type: 3}
      propertyPath: m_LocalEulerAnglesHint.z
      value: 0
      objectReference: {fileID: 0}
    m_RemovedComponents: []
    m_RemovedGameObjects: []
    m_AddedGameObjects: []
    m_AddedComponents: []
  m_SourcePrefab: {fileID: 100100000, guid: 5c629fe2dd9d5e643b3788d6e534e0d6, type: 3}
--- !u!4 &5395101613816673262 stripped
Transform:
  m_CorrespondingSourceObject: {fileID: 3758551626081583316, guid: 5c629fe2dd9d5e643b3788d6e534e0d6, type: 3}
  m_PrefabInstance: {fileID: 9148586138328544058}
  m_PrefabAsset: {fileID: 0}
